2378 4134
595 267 1202 324 CONFESSIONUM
1239 267 1479 321 LIBER
1517 267 1616 318 IX.
1923 267 2027 315 147

180 402 258 456 Et
278 418 388 471 quo
410 399 544 453 mihi
567 406 680 454 erat
699 399 865 464 istud,
888 406 951 452 ut
982 405 1260 469 putaretur
1293 403 1348 450 et
1371 397 1732 466 disputaretur
1755 393 1823 447 de
1849 393 2029 447 animo

181 505 323 551 mee,
347 493 402 539 et
424 486 887 552 blasphemaretur
912 485 1104 538 bonum
1129 490 1372 536 nostrum
1391 480 1420 532 ,9
2045 474 2202 570 {gfff-6·

252 578 301 625 4.
341 573 486 633 Quin
529 573 713 636 etiam,
752 573 899 642 quod
939 573 1060 641 ipsa
1109 578 1291 623 aestate
1338 567 1593 621 litterario
1640 566 1815 618 labori
1862 566 2032 618 nimio
2105 558 2116 574 ’

179 660 363 730 pulmo
398 661 577 709 meusc
614 657 802 710 cedere
839 663 1092 727 coeperat,
1129 665 1183 709 et
1217 655 1505 707 difficulter
1538 652 1747 704 trahere
1785 651 2034 720 suspiria,

181 743 560 812 doloribusque
592 743 828 811 pectoris
859 743 1041 795 testari
1068 760 1124 794 se
1149 741 1410 804 saucium,
1434 755 1732 807 vocemque
1759 736 2035 788 clariorem

180 825 639 896 productioremve
674 844 937 891 recusare,
970 827 1144 896 primo
1185 826 1587 894 perturbaverat
1619 839 1725 884 me,
1761 820 1891 890 quia
1922 838 2034 872 ma-

181 909 381 979 gisterii
405 910 549 961 illius
568 912 831 963 sarcinam
857 930 996 981 pene
1011 911 1126 981 jam
1146 910 1465 963 necessitate
1493 908 1761 978 deponere
1789 906 2037 974 cogebat,

180 1001 271 1048 aut
309 995 354 1046 si
394 995 564 1047 curari
604 1004 658 1047 et
694 998 1066 1049 convalescere
1103 995 1418 1065 potuissem,
1458 1001 1599 1046 certe
1636 991 1982 1044 intermittere
1994 988 2036 1041 ³.

180 1079 287 1134 Sed
329 1080 423 1131 ubi
459 1081 622 1149 plena
663 1083 910 1134 voluntas
947 1082 1199 1143 vacandi,
1237 1087 1289 1132 et
1328 1079 1548 1131 ridendi
1586 1079 1841 1147 quoniam
1885 1083 1945 1127 tu
1984 1094 2039 1127 es
2059 1085 2122 1125 Ps.
2145 1085 2212 1132 45,

179 1166 464 1228 Domz'nuS,
502 1167 687 1219 oborta
723 1167 856 1218 mihi
895 1176 976 1219 est
1013 1176 1174 1236 atque
1212 1166 1453 1227 firmata3
1492 1164 1654 1227 nosti,
1681 1164 1831 1214 Deus
1868 1180 2038 1226 1116118,
2059 1142 2103 1179 ¹¹

179 1249 339 1300 etiam
364 1249 593 1314 gaudere
620 1252 780 1320 coepi‚
807 1252 955 1321 quod
990 1253 1108 1304 haec
1149 1269 1363 1320 quoque
1404 1251 1619 1302 suberat
1654 1267 1764 1300 non
1801 1247 2039 1299 mendax

179 1335 472 1398 excusatiO,
499 1354 620 1404 quae
647 1338 998 1389 offensionem
1028 1337 1310 1387 hominum
1334 1341 1669 1403 temperaret,
1698 1335 1791 1403 qui
1820 1339 2041 1403 propter

177 1419 372 1470 liberos
422 1438 548 1471 suos
592 1439 676 1472 me
719 1421 947 1473 liberum
997 1439 1112 1473 esse
1162 1438 1441 1489 nunquam
1491 1421 1758 1472 volebant.
1838 1421 2040 1471 Plenus

177 1503 339 1571 igitur
365 1505 456 1556 tali
483 1505 679 1572 gaudio
706 1506 996 1557 tolerabam
1021 1505 1157 1556 illud
1193 1505 1531 1557 intervallum
1566 1506 1840 1573 temporis,
1869 1505 2039 1556 donec

179 1588 504 1642 decurreret:
550 1591 734 1642 nescio
772 1598 950 1642 utrum
987 1591 1073 1642 vel
1110 1591 1300 1657 viginti
1312 1595 1331 1620 ‘¹
1370 1590 1485 1641 dies
1524 1597 1690 1655 erant,
1731 1591 1826 1642 sed
1863 1600 2043 1642 tamen

178 1675 381 1727 fortiter
419 1679 808 1741 tolerabantur3
868 1678 997 1747 quia
1034 1686 1325 1730 recesserat
1365 1678 1634 1746 cupiditas
1674 1697 1794 1747 quae
1834 1697 2042 1731 mecum

179 1760 381 1811 solebat
407 1761 535 1813 ferre
572 1781 728 1828 grave
754 1763 1050 1829 negotium,
1078 1770 1132 1814 et
1169 1781 1269 1830 ego
1306 1762 1631 1831 premendus
1668 1780 2044 1828 remanseram,

178 1845 281 1895 nisi
319 1847 581 1914 patientia
608 1848 930 1900 succederet.
1007 1849 1268 1900 Peccasse
1294 1866 1378 1899 me
1405 1848 1462 1898 in
1488 1848 1592 1900 hoc
1621 1848 1910 1917 quisquam
1939 1867 2045 1899 ser-

187 1949 370 1982 vorum
398 1940 607 1984 tuorum
633 1934 849 1985 fratrum
875 1952 1114 1985 meorum
1140 1934 1354 1997 dixerit,
1381 1934 1527 2003 quod
1551 1934 1668 2002 jam
1697 1935 1859 2002 pleno
1888 1935 2047 1987 corde

179 2017 371 2068 militia
396 2027 505 2080 tua,
529 2037 720 2086 passus
747 2039 832 2071 me
860 2020 1048 2071 fuerim
1075 2021 1160 2072 vel
1187 2038 1295 2071 una
1320 2021 1453 2071 hora
1480 2020 1663 2071 sedere
1698 2021 1753 2070 in
1792 2021 2048 2072 cathedra

178 2103 459 2155 mendac-ii.
536 2107 608 2156 At
634 2125 733 2173 ego
759 2126 870 2158 non
897 2107 1181 2158 contendo.
1248 2107 1356 2158 Sed
1383 2115 1458 2169 tu,
1487 2107 1723 2158 Domine
1748 2108 2048 2160 misericor-

180 2190 415 2255 dissime,
450 2211 627 2244 nonne
673 2200 726 2245 et
767 2195 871 2247 hoc
914 2203 1216 2263 peccatum,
1256 2213 1379 2246 cum
1422 2195 1629 2247 caeteris
1674 2195 1955 2246 horrendis
1997 2203 2050 2247 et

179 2278 427 2340 funereis,
453 2279 510 2330 in
537 2299 677 2349 aqua
703 2289 890 2334 sancta
912 2282 1169 2348 ignovisti
1196 2289 1249 2332 et
1273 2282 1526 2333 remisisti
1551 2282 1686 2332 mihi
1707 2281 1724 2333 ?

253 2368 301 2415 5.
342 2366 718 2418 Macerabatur
736 2366 1083 2417 anxietudine
1103 2366 1455 2418 Verecundus
1474 2367 1538 2418 de
1559 2368 1664 2418 isto
1685 2374 1868 2418 nostro
1884 2370 2047 2430 bono,
2120 2381 2205 2419 ΙΙΙ.

182 2450 328 2518 quod
353 2458 569 2520 propter
591 2453 808 2505 vincula
835 2472 948 2515 sua,
967 2454 1164 2522 quibus
1190 2454 1529 2505 tenacissime
1559 2456 1856 2518 tenebatur,
1879 2435 2216 2527 (1(1861·1ἒ“ῗὲζ15

182 2551 238 2584 86
276 2542 457 2585 nostro
497 2536 767 2587 consortio
815 2535 1046 2588 videbat.
1125 2535 1385 2586 Nondum
1430 2537 1776 2601 christianus,
1817 2539 2246 2607 conjugeeopcedit

183 2618 361 2680 fideli3
402 2638 465 2670 ea
489 2620 609 2688 ipsa
634 2628 810 2672 tamen
827 2620 1058 2672 'arctiore
1083 2639 1193 2688 pra}
1222 2622 1428 2672 caeteris
1456 2621 1736 2690 compede,
1764 2624 1831 2673 ab
1859 2598 2204 2691 11111616ζιιὲιυῖπι,18

184 2704 332 2772 quod
359 2705 595 2770 aggressi
622 2722 847 2767 eramus,
868 2704 1254 2758 retardabatur:
1295 2723 1395 2757 nec
1418 2706 1767 2758 christianum
1796 2726 1912 2759 esse
1940 2710 2046 2761 alio

238 2872 258 2894 e
287 2868 391 2907 Cum
419 2875 628 2923 utrumque
657 2883 791 2910 verum
821 2869 952 2915 fuerit,
976 2869 1079 2922 Aug.

1136 2873 1264 2909 reret‘!
1305 2871 1445 2922 Itaque
1461 2877 1595 2909 tantus
1615 2885 1677 2910 me
1697 2872 1861 2926 arripuit
1881 2874 2046 2927 pectoris

186 2934 254 2973 pro
287 2935 421 2961 eorum
451 2923 597 2966 indole.
628 2938 718 2963 cum
748 2924 890 2976 quibus
924 2925 1079 2976 agebat,

1138 2925 1262 2968 dolor.
1283 2933 1326 2963 ut
1352 2925 1455 2964 illius
1477 2926 1724 2977 professionis
1742 2941 1840 2966 onus
1859 2929 2047 2968 sustinere

188 2988 292 3014 nunc
322 2977 440 3020 hanc,
465 2991 570 3016 nunc
596 2978 702 3016 illam
735 2991 892 3017 causam
922 2979 1080 3031 profert,

186 3041 256 3067 cur
272 3042 295 3068 a
314 3030 545 3081 professione
566 3032 803 3079 abscesserit,
819 3032 873 3071 ita
891 3041 1021 3071 tamen
1040 3042 1082 3071 ut

187 3082 348 3134 planum
379 3084 438 3130 sit,
471 3085 507 3123 ei
539 3085 645 3125 hunc
680 3086 880 3139 pulmonis
909 3087 1083 3126 dolorem

189 3148 229 3173 re
266 3149 356 3175 vera
394 3138 592 3190 profuisse.
667 3141 732 3179 Ad
771 3140 1088 3181 Mediolanenses

188 3195 395 3240 utrumque
433 3191 522 3238 (inf.
557 3207 596 3232 6.
625 3193 682 3243 5.)
721 3195 771 3233 ad
802 3195 1091 3234 Romanianum

191 3242 358 3294 pectoris
381 3245 552 3284 dolorem
572 3254 722 3286 tantum
744 3249 914 3301 profert3
945 3255 970 3270 ‘⁴
994 3263 1083 3301 quae

189 3296 346 3345 [mundi
393 3297 508 3349 hujus
546 3301 670 3351 dona]
713 3302 903 3355 meipsum
944 3315 1086 3355 capere

192 3349 448 3388 moliebantur
473 3354 644 3403 quotidie
671 3357 743 3394 ista
772 3362 995 3394 cantantem
1019 3357 1087 3407 [de

192 3402 363 3440 vanitate
383 3417 507 3443 rerum
529 3406 807 3460 humanarum]
822 3410 891 3449 nisi
911 3423 973 3448 me
993 3423 1085 3463 pec·

190 3455 280 3494 toris
313 3456 423 3495 dolor
453 3466 648 3499 ventosam
681 3462 955 3514 professionem
987 3464 1087 3516 abji-

190 3522 292 3551 cere.
305 3510 394 3548 etin
413 3510 663 3565 philosophiae
679 3516 866 3565 gremium
882 3516 1090 3568 confugere

195 3563 429 3612 coegisset.”
443 3577 477 3602 6.
493 3565 618 3606 Acad.
634 3567 661 3608 i.
678 3570 717 3608 3.
731 3571 830 3608 etad
845 3570 1094 3609 Theodorum

193 3617 243 3655 de
266 3615 390 3656 Beata
410 3617 501 3662 vita.
523 3620 557 3669 §.
572 3621 612 3659 4.
648 3629 676 3646 ‘⁴
694 3624 801 3670 Quid
817 3637 907 3676 ergo
926 3625 1098 3662 restabat

196 3669 319 3718 aliud,
341 3670 413 3710 nisi
437 3679 481 3710 ut
509 3671 727 3714 immoranti
752 3676 847 3715 mihi
874 3677 1095 3730 superfluis.

197 3730 406 3777 tempestas
423 3738 511 3777 (11116
527 3728 739 3780 putabatur
754 3730 930 3776 adversa,
941 3743 1098 3770 succur-

1081 3806 1168 3851 LO

1138 2993 1216 3017 non
1235 2980 1384 3024 valens,
1405 2992 1481 3030 qua
1503 2979 1599 3018 mihi
1620 2981 1866 3020 velificabam
1890 2983 2048 3022 fortasse

1138 3033 1190 3072 ad
1218 3033 1386 3078 Sirenas,
1417 3034 1626 3085 abjicerem
1658 3035 1807 3082 omnia,
1838 3044 1876 3074 et
1905 3045 2047 3089 optatre

1140 3087 1410 3140 tranquillitati
1419 3088 1481 3127 vel
1493 3097 1716 3139 quassatam
1737 3103 1877 3128 navem
1898 3091 2047 3129 fissam-

1143 3155 1220 3194 que
1240 3142 1537 3194 perducerem.''
1595 3143 1659 3181 Ad
1680 3144 1892 3182 Zenobium
1916 3152 2047 3183 autem

1146 3196 1332 3249 apertius,
1356 3196 1428 3246 (de
1451 3195 1615 3242 Ordine,
1636 3196 1663 3234 l.
1683 3196 1709 3235 i.
1735 3200 1771 3246 ἑ.
1793 3199 1856 3244 5.)
1886 3204 1914 3220 ‘⁴
1941 3199 2048 3237 Nam

1141 3263 1230 3288 cum
1251 3250 1443 3288 stomachi
1463 3250 1574 3287 dolor
1593 3250 1769 3288 scholam
1790 3264 1852 3290 me
1872 3252 2048 3290 deserere

1141 3303 1343 3354 coegisset,
1363 3304 1431 3355 qui
1447 3304 1548 3355 jam,
1571 3310 1613 3341 ut
1633 3304 1720 3348 scis,
1733 3305 1850 3343 etiam
1866 3305 1951 3343 sine
1969 3305 2051 3344 ulla

1142 3357 1213 3395 tali
1234 3358 1457 3395 necessitate
1475 3357 1512 3394 in
1531 3356 1819 3409 philosophiam
1837 3359 2051 3409 confugere

1145 3410 1376 3457 moliebar,’'
1411 3410 1507 3453 alibi
1537 3423 1628 3448 vero
1665 3411 1727 3458 (in
1760 3412 1908 3464 Epist.)
1939 3425 1979 3451 se
2013 3413 2052 3452 id

1144 3463 1266 3514 magis
1301 3463 1500 3502 alliciente
1539 3463 1730 3503 desiderio
1763 3466 1931 3504 vacandi
1963 3467 2051 3506 Deo

1144 3516 1282 3556 fecisse
1297 3524 1470 3556 testatur.

1203 3571 1224 3599 ά
1254 3570 1464 3609 Conversio
1495 3583 1587 3623 ergo
1618 3566 1739 3624 Augi.
1767 3573 1884 3626 plene
1911 3574 2053 3614 effecta

1149 3630 1208 3662 est
1234 3622 1340 3662 circa
1370 3624 1439 3662 fin.
1472 3624 1617 3664 mensis
1650 3626 1819 3680 Augusti
1847 3628 1910 3667 vel
1942 3629 2052 3669 initio

1118 3725 1122 3734 β
1153 3678 1259 3731 sept.
1281 3677 1391 3717 Aa).
1412 3679 1508 3718 386.
