2378 4134
369 263 440 313 72
851 259 907 314 S.
948 258 1393 315 AUGUSTINI
1432 258 1793 314 EPISCOPI

370 411 436 448 ea
459 399 641 448 nocte.
678 411 681 414 ⁴
719 392 831 448 Sed
857 413 924 448 ea
946 402 1110 448 nocte
1137 394 1390 448 clanculo
1418 411 1522 462 ego
1546 393 1824 463 profectus
1850 409 2000 445 sum:
2047 391 2145 445 illa
2178 410 2272 446 au-

369 488 479 535 tem
505 500 619 536 non
633 480 872 536 mansit*
890 481 1097 536 orando
1124 487 1180 535 et
1202 479 1404 534 flendo,
1463 481 1542 534 Et
1565 479 1702 551 quid
1728 498 1762 533 a
1785 487 1839 533 te
1863 480 2105 550 petebat,
2121 480 2276 533 Deus

369 587 543 635 meuS,
568 570 736 624 tantis
765 570 1042 640 lacrymiS,
1067 569 1176 622 nisi
1216 577 1277 622 ut
1315 567 1576 636 navigare
1610 586 1698 620 me
1731 586 1844 620 non
1880 565 2122 621 sineres?
2165 565 2276 620 Sed

369 664 430 710 tu
468 658 577 711 alte
612 657 924 722 consulens,
960 665 1016 710 et
1052 656 1360 710 exaudiens
1397 654 1675 708 cardinem
1705 654 1962 708 desiderii
2002 654 2139 726 ejuS,
2163 673 2275 707 non

371 745 573 798 curasti
600 744 751 816 quod
779 750 908 797 tunc
937 744 1179 814 petebat,
1205 749 1268 795 ut
1300 760 1389 795 me
1425 739 1669 796 faceres*
1699 741 1849 814 quod
1885 760 2100 813 semper
2124 749 2275 812 pete-

369 833 483 885 bat.
548 832 730 885 Flavit
755 837 968 896 ventuS,
994 837 1049 883 et
1082 829 1333 900 implevit
1356 829 1479 882 vela
1513 836 1717 896 nostra,
1747 837 1801 883 et
1823 829 1978 882 littus
2006 829 2279 882 subtraxit

371 919 688 989 aspectibus
730 918 961 971 nostris:
1014 918 1072 970 in
1119 936 1230 988 quo
1273 934 1433 970 mane
1477 916 1575 969 illa
1616 916 1929 970 insaniebat
1972 916 2176 983 dolore,
2222 923 2279 970 et

373 1007 626 1078 quereliS,
654 1023 716 1059 ac
759 1005 967 1075 gemitu
1003 1005 1274 1075 implebat
1310 1022 1467 1057 aures
1508 1010 1630 1057 tuas
1669 1006 2069 1058 contemnentis
2106 1002 2275 1070 ista*;

372 1113 499 1147 cum
542 1100 598 1147 et
646 1112 733 1146 me
780 1091 1180 1163 cupiditatibus
1224 1092 1362 1145 meis
1412 1110 1630 1162 raperes
1683 1092 1754 1146 ad
1805 1092 2076 1146 finiendas
2125 1093 2278 1163 ipsas

372 1180 720 1251 cupiditateS‚
748 1188 803 1234 et
827 1181 978 1233 illius
1005 1181 1222 1234 carnale
1249 1178 1581 1232 desiderium
1600 1180 1752 1252 justo
1779 1179 2031 1233 dolorum
2057 1181 2276 1248 flagello

372 1269 671 1339 vapularet.
775 1269 1013 1321 Amabat
1063 1267 1210 1321 enim
1264 1284 1450 1320 secum
1501 1267 1848 1337 praesentiam
1900 1286 2079 1320 meam
2128 1286 2278 1320 more

369 1363 623 1421 matrum,
652 1355 750 1409 sed
786 1355 974 1409 multis
1009 1356 1183 1407 multo
1220 1353 1490 1423 amplius3
1532 1361 1586 1407 et
1619 1355 1904 1407 nesciebat
1938 1353 2072 1426 quid
2108 1363 2168 1406 tu
2196 1354 2277 1406 illi

371 1444 694 1514 gaudiorum
720 1444 963 1497 facturus
994 1461 1142 1496 esses
1174 1441 1241 1495 dc
1280 1441 1530 1495 absentia
1564 1461 1701 1495 mea.
1781 1442 2112 1507 Nesciebat3
2152 1442 2278 1495 ideo

368 1533 539 1585 flebat
582 1539 637 1585 et
680 1530 940 1602 ejulabat,
984 1538 1149 1602 atque
1194 1530 1304 1582 illis
1351 1529 1687 1583 cruciatibus
1740 1531 2068 1597 arguebatur
2109 1531 2168 1583 in
2213 1549 2280 1584 ea

366 1619 738 1691 reliquiarium
775 1620 914 1672 Evae
926 1616 970 1684 ⁴⁸,
999 1637 1124 1673 cum
1166 1619 1373 1686 gemitu
1421 1636 1672 1688 quaerens
1712 1617 1862 1688 quod
1907 1636 2031 1671 cum
2073 1618 2278 1686 gemitu

364 1714 667 1778 pepererat.
745 1708 824 1760 Et
848 1714 1031 1760 tamen
1057 1713 1184 1776 post
1210 1706 1616 1760 accusationem
1641 1705 1978 1758 fallaciarum
2006 1713 2061 1758 ct
2086 1705 2276 1759 crude—

363 1794 535 1847 litatis
572 1813 727 1862 mcae,
754 1813 1020 1847 conversa
1054 1813 1240 1847 rursus
1268 1793 1339 1846 ad
1367 1792 1774 1864 deprecandum
1801 1799 1854 1846 te
1880 1812 1981 1864 pro
2007 1812 2113 1860 me,
2141 1794 2279 1847 abiit

367 1881 439 1935 ad
466 1882 643 1947 solita,
671 1890 726 1934 et
751 1900 855 1950 ego
883 1883 1136 1934 Romam.

271 2033 278 2040 ι
446 1973 529 2022 16.
570 1971 648 2023 Et
683 1988 812 2023 ecce
850 1969 1104 2039 excipior
1133 1970 1214 2021 ibi
1244 1970 1464 2038 flagello
1504 1967 1844 2037 aegritudinis
1874 1968 2193 2038 corporaliS‚
2222 1974 2279 2021 et

161 2034 319 2145 ξξῐῗὲρ,
364 2059 514 2111 ibam
550 2056 622 2110 ad
655 2057 876 2123 inferOS‚
902 2063 1130 2127 portans
1165 2056 1351 2109 omnia
1386 2057 1532 2109 mala
1569 2074 1691 2126 quae
1722 2057 2100 2108 commiseram
2131 2063 2186 2109 et
2218 2055 2277 2107 in

162 2152 227 2186 2¹¹⁸
245 2147 350 2200 peri-
365 2153 438 2210 te,
480 2152 535 2198 et
576 2145 634 2196 in
675 2163 782 2210 me,
825 2152 879 2197 et
923 2144 980 2195 in
1027 2144 1184 2209 alios,
1226 2144 1400 2196 multa
1441 2152 1495 2196 et
1541 2144 1744 2211 gravia,
1788 2161 1951 2213 super
1992 2143 2277 2211 originalis

159 2202 334 2299 ἷέὲὲἰξῑ,
366 2233 583 2303 peccati
611 2232 894 2284 vinculum
922 2250 1032 2302 quo
1071 2249 1254 2283 omne-s·
1289 2233 1350 2283 in
1379 2231 1559 2283 Adam
1597 2233 1883 2283 morimur.
1963 2232 2093 2283 Non
2130 2231 2276 2283 enim

167 2326 186 2364 ι
212 2326 310 2367 Cor.
370 2319 675 2390 quidquam
703 2337 894 2372 eorum
921 2319 1059 2369 mihi
1087 2318 1388 2370 donaveras
1413 2318 1472 2369 in
1501 2317 1754 2381 Christ03
1795 2336 1898 2371 nec
1925 2319 2157 2370 solz-erat
2184 2320 2279 2371 ille

165 2382 232 2427 15,
254 2383 324 2422 22.
367 2407 426 2459 in
467 2425 627 2460 cruce
668 2404 802 2459 sua'
838 2407 1172 2458 inimicitias
1213 2424 1351 2475 quas
1390 2412 1571 2458 tecum
1611 2412 1990 2459 contraxeram
2032 2405 2278 2475 peccatis

368 2494 522 2547 meis.
600 2491 893 2555 Quomodo
933 2493 1081 2545 enim
1121 2510 1215 2545 eas
1255 2493 1486 2546 solveret
1527 2493 1586 2545 in
1627 2510 1786 2546 cruce
1834 2490 2277 2563 phantasmatis¹‚

216 1978 300 2018 IX.

164 2449 273 2505 Eph.
292 2452 334 2498 2,

165 2507 229 2546 14.

368 2699 561 2741 lennitate
589 2699 860 2746 concelebrat,
888 2706 930 2741 et
956 2700 1008 2740 ad
1034 2699 1288 2740 excitandam

369 2756 644 2802 imitationem,
670 2762 710 2796 et
736 2762 781 2795 ut
808 2756 956 2796 meritis
982 2769 1122 2795 eorum
1149 2769 1290 2796 conso-

370 2811 495 2851 cietur
528 2818 648 2866 atque
679 2811 922 2852 orationibus
953 2811 1195 2865 adjuvetur:
1237 2811 1293 2850 ita

369 2873 506 2906 tamen
534 2875 580 2906 ut
610 2866 713 2907 nulli
742 2868 983 2921 Martyrum,
1002 2867 1070 2906 sed
1098 2866 1174 2921 ipsi
1199 2867 1292 2906 Deo

370 2922 601 2974 Martyrum
619 2921 904 2972 sacrificemus,
922 2921 1104 2974 quamvis
1128 2923 1169 2962 in
1203 2923 1294 2961 Me-

370 2976 508 3017 moriis
546 2978 774 3031 Martyrum
812 2979 1100 3017 constituamus
1139 2976 1293 3016 altaria.

373 3033 444 3072 Du
463 3033 617 3085 Cange,
638 3033 713 3072 sub
734 3046 775 3071 v.

427 3085 441 3118 ¹
472 3087 675 3128 Christum
706 3086 924 3128 novissimis
951 3086 1196 3140 temporibus
1223 3099 1291 3126 ve-

372 3142 474 3183 nisse
512 3144 563 3183 ad
597 3142 764 3190 animos,
794 3155 875 3181 non
907 3142 960 3181 ad
992 3154 1159 3196 corpora
1190 3142 1289 3182 libe-

372 3199 511 3239 randa.
575 3199 665 3239 Nec
701 3197 821 3238 fuisse
851 3197 893 3237 in
922 3210 1042 3236 carne
1077 3210 1186 3244 vera,
1222 3198 1291 3238 sed

371 3253 600 3294 simulatam
613 3252 785 3310 speciem
802 3252 932 3293 carnis
946 3251 1199 3293 ludificandis
1215 3252 1290 3292 hu-

372 3309 500 3349 manis
520 3309 702 3351 sensibus
720 3307 953 3362 praebuisse,
972 3308 1042 3347 ubi
1061 3321 1140 3347 non
1159 3307 1289 3348 solum

371 3371 555 3412 mortem,
566 3378 704 3406 verum
715 3364 835 3405 etiam
847 3362 1172 3404 resurrectionem
1184 3362 1291 3403 simi·

371 3421 461 3460 liter
479 3420 723 3461 mentiretur.
748 3419 914 3473 Aug.de
929 3418 1078 3458 Haeres.
1111 3417 1287 3459 Vid.inf.

373 3489 411 3516 c.
431 3477 492 3515 lO.
506 3476 576 3515 fin.
591 3475 621 3516 l.
637 3475 694 3515 ix.
707 3489 744 3516 c.
762 3477 803 3515 3.
818 3475 852 3526 §-
866 3475 906 3515 6.
941 3475 1078 3517 'Ae-723
1096 3472 1200 3526 φῦσις
1223 3474 1290 3514 οὔκ

374 3530 609 3574 ἀποθνήσκει.
629 3531 698 3571 καὶ
717 3531 809 3571 σκιὰ
828 3528 966 3584 σαρκὸς
985 3531 1026 3570 οὐ
1045 3530 1289 3600 σταυςοῧται·

371 3585 464 3636 μίαν
483 3584 543 3626 οὖν
561 3586 664 3638 ’ἔχων
679 3586 794 3638 ’ἔμεινε
816 3587 884 3630 τὴν
903 3585 1008 3637 φύσιν
1028 3586 1095 3625 καὶ
1114 3586 1292 3641 ingyrum

375 3643 419 3681 ora
449 3642 524 3694 φίὖς
553 3640 666 3692 μηδὲν
695 3643 886 3682 παθοῦσαν
921 3644 975 3694 τῷ
1013 3642 1292 3692 {monada-paam

375 3699 442 3741 τῆς
471 3696 610 3753 παρηὶς
641 3698 708 3737 οὒκ
736 3697 869 3751 ἔχοντα
898 3697 1003 3749 φύσιν
1023 3698 1291 3753 κςα-τουμίνην.

375 3754 548 3803 (Manes
569 3755 646 3806 Ep.
671 3753 722 3792 ad
743 3755 891 3793 Zeben.
910 3766 977 3807 ap.
1003 3753 1159 3793 Fabric.
1183 3753 1291 3793 Bibl.

376 3807 453 3847 Gr.
473 3813 505 3847 t.
522 3821 560 3847 v.
592 3821 633 3860 p.
664 3809 789 3860 284.)
853 3807 920 3848 Sic
947 3807 1204 3848 Manichaeus
1230 3821 1291 3857 es,

373 3861 444 3915 qui
458 3874 534 3902 nec
549 3862 784 3903 crucifixum
801 3862 942 3907 credis,
955 3865 1046 3916 quia
1061 3876 1136 3904 nec
1153 3869 1292 3904 natum

374 3916 514 3958 credis.
559 3916 670 3971 Aug.
708 3918 837 3959 Serm-
881 3919 973 3959 116.
1011 3920 1048 3971 §.
1086 3919 1127 3959 4.

1191 3917 1295 3959 Sunt

1359 2699 1477 2741 hodie
1502 2699 1572 2755 qui
1603 2714 1682 2741 non
1708 2701 1879 2742 credunt
1903 2714 2062 2741 carnem
2091 2700 2279 2742 habuisse

1362 2756 1592 2797 Christum:
1629 2756 1725 2811 quia
1754 2764 1794 2798 et
1825 2763 1982 2812 parturn
2013 2757 2174 2811 virginis
2205 2757 2274 2798 de-

1359 2819 1532 2861 struunt,
1551 2820 1590 2852 et
1608 2813 1749 2852 nolunt
1767 2826 1858 2853 eum
1881 2819 2019 2853 natum
2049 2826 2098 2853 ex
2129 2812 2278 2852 semina

1360 2868 1536 2908 credere.
1595 2873 1622 2890 “
1647 2869 1827 2908 Verbum
1866 2881 1960 2907 caro
1994 2868 2144 2907 factum
2174 2869 2278 2915 est,’'

1360 2935 1518 2976 prorsus
1529 2922 1706 2963 alienant
1720 2936 1744 2962 a
1755 2936 1826 2963 sua
1840 2923 1931 2970 fide,
1945 2923 2008 2962 vel
2025 2923 2156 2977 potius
2166 2936 2191 2962 a
2204 2937 2278 2963 sua

1358 2977 1604 3018 infidelitate.
1651 2979 1794 3017 Totam
1812 2978 1927 3017 istam
1942 2977 2277 3031 dispensationem

1357 3033 1497 3073 salutis
1515 3040 1673 3079 nostrae,
1694 3034 1801 3087 quod
1821 3032 1949 3073 factus
1974 3040 2033 3073 est
2061 3033 2180 3073 homo
2205 3048 2277 3088 pro

1357 3087 1597 3128 inveniendo
1644 3088 1819 3134 homine,
1857 3088 1927 3142 qui
1974 3090 2086 3128 Deus
2127 3089 2276 3130 fecerat

1357 3143 1557 3184 hominem
1575 3159 1588 3191 ;
1625 3150 1750 3184 totum
1781 3144 1874 3192 hoc,
1894 3145 2002 3198 quod
2024 3144 2205 3185 Christus
2233 3145 2276 3185 in

1357 3198 1623 3239 remissionem
1663 3206 1913 3254 peccatorem
1952 3206 2173 3239 nostrorum
2212 3213 2277 3241 ve-

1358 3267 1465 3304 rum,
1483 3268 1566 3294 non
1589 3254 1732 3294 salsum
1759 3254 1992 3307 sanguinem
2016 3254 2130 3303 fudit,
2158 3263 2198 3295 et
2225 3256 2275 3296 de

1359 3323 1452 3350 vero
1480 3323 1553 3350 suo
1577 3310 1769 3363 sanguine
1796 3310 2104 3364 chirographum
2129 3324 2275 3365 pecca-

1357 3370 1488 3405 torum
1507 3372 1728 3406 nostrorum
1747 3365 1915 3414 delevit;
1947 3365 2022 3405 hoc
2043 3372 2169 3406 totum
2191 3366 2274 3407 hae-

1359 3420 1469 3460 retici
1515 3420 1765 3460 damnabiles
1811 3434 2005 3461 evacuare
2063 3428 2276 3462 conantur.

1359 3475 1507 3515 Totum
1539 3475 1631 3524 hoc,
1651 3485 1695 3515 ut
1717 3476 1939 3516 Manichaei
1964 3477 2146 3523 credunt,
2166 3477 2276 3531 quod

1357 3530 1543 3585 apparuit
1578 3530 1706 3571 oculis
1738 3531 1960 3578 hominum,
1992 3531 2149 3585 spiritus
2186 3532 2276 3580 suit,

1358 3599 1450 3626 caro
1489 3600 1570 3626 non
1605 3586 1692 3626 fuit.
1756 3588 1820 3626 lb.
1860 3587 1990 3627 Serm.
2024 3588 2120 3627 237.
2161 3589 2195 3639 §.
2239 3590 2273 3629 l.

1360 3641 1603 3690 Photiniani‚
1642 3641 1761 3682 homo
1801 3649 1953 3682 tantum
1978 3658 1989 3692 ;
2041 3642 2274 3689 Manicliaei,

1359 3697 1473 3737 Deus
1491 3703 1662 3736 tantum.
1714 3698 1780 3737 Illi
1800 3698 1900 3737 nihil
1921 3697 2100 3737 (livinum
2121 3698 2162 3737 in
2183 3699 2271 3738 Do·

1356 3751 1464 3792 mino
1492 3752 1756 3802 confitentur3
1787 3753 1848 3792 isti
1877 3753 1991 3806 quasi
2019 3759 2144 3793 totum
2173 3753 2273 3793 divi-

1358 3820 1470 3853 num,
1490 3813 1531 3847 et
1548 3813 1680 3847 tamen
1696 3815 1777 3847 tam
1796 3808 1957 3855 falsum,
1976 3814 2020 3848 ut
2039 3821 2113 3848 nec
2131 3808 2272 3848 saltem

1358 3862 1597 3904 humanum.
1637 3862 1678 3902 Si
1698 3863 1804 3904 enim
1827 3863 1946 3903 homo
1966 3876 2045 3903 non
2065 3870 2163 3912 erat,
2179 3877 2273 3916 ergo

1358 3923 1539 3961 mortuus
1557 3931 1638 3960 non
1657 3926 1730 3967 est,
1748 3931 1843 3973 ergo
1862 3917 2079 3960 crucifixus
2097 3931 2178 3960 non
2197 3925 2272 3966 est,
