2378 4134
387 197 459 248 78
866 194 922 248 S.
962 194 1408 250 AUGUSTINI
1449 194 1807 250 EPISCOPI

385 327 483 399 qui
532 327 884 382 Judaeorum⁰
923 329 1105 398 legem
1156 330 1394 383 inserere
1433 329 1763 383 Christianae
1807 327 1940 380 fidei
1982 329 2286 396 voluerunt,

383 421 550 487 atque
585 415 695 487 ipsi
731 415 1087 486 incorrupta*
1120 415 1459 487 exemplaria
1482 417 1636 470 nulla
1668 415 1985 487 proferrent.
2063 415 2175 470 Sed
2199 436 2286 472 me

380 503 623 556 maxime
643 509 867 574 captum
883 510 939 557 et
953 506 1247 557 offocatum
1266 502 1672 574 quodammodo
1691 503 2071 573 deprimebant
2096 521 2285 574 corpo—
2364 544 2378 558 ,.

380 590 518 644 ralia
552 591 890 667 cogitantem
922 592 1097 643 moles
1131 590 1260 656 illae,
1296 592 1398 643 sub
1444 591 1646 662 quibus
1687 591 1953 644 anhelans
1996 590 2056 642 in
2101 609 2287 645 auram
2365 619 2378 673 J

380 685 490 731 tuae
517 678 762 731 veritatis
786 677 1057 748 liquidam
1085 684 1140 730 et
1166 677 1476 748 simplicem
1502 679 1767 750 respirare
1793 697 1907 731 non
1933 685 2198 749 poteram.

219 777 325 819 XII.
457 770 545 819 22.
576 765 781 820 Sedulo
810 783 940 834 ergo
977 782 1138 834 agere
1173 782 1468 835 coeperam,
1494 772 1720 836 propter
1757 766 1908 838 quod
1931 785 2204 833 veneram,
2228 774 2290 822 ut

173 833 350 944 ξίἒῖῗξυ,
382 854 637 908 docerem
676 855 870 909 Romae
911 859 1079 905 artem
1116 851 1462 920 rhetoricam,
1488 860 1544 906 et
1573 854 1727 924 prius
1767 854 1916 907 domi
1957 873 2288 924 congregare

174 944 327 1041 {2¹:31ae
376 942 616 1027 aliqUOS,
656 941 857 1011 quibus
903 948 958 993 et
994 958 1094 1010 per
1140 958 1279 1011 quos
1318 940 1660 995 innotescere
1702 960 2003 1013 coeperam3
2062 950 2118 996 et
2158 961 2287 998 ecce

174 1056 216 1097 in
236 1069 337 1112 prae-
383 1047 661 1099 cognosco
689 1028 798 1082 alia
822 1029 1019 1081 Romae
1046 1027 1183 1093 fieri,
1205 1047 1329 1099 quae
1355 1047 1470 1083 non
1501 1029 1752 1100 patiebar
1775 1029 1835 1082 in
1859 1030 2062 1084 Africa.
2142 1033 2288 1085 Nam

173 1119 368 1168 ceptores.
381 1134 567 1170 revera
601 1115 726 1168 illas
762 1115 1101 1169 eversionesy
1128 1134 1160 1169 a
1190 1115 1422 1186 perditis
1458 1117 1902 1172 adolescentibus
1927 1120 2007 1173 ibi
2032 1139 2145 1174 non
2171 1121 2288 1174 fieri

381 1203 788 1257 manifestatum
806 1208 891 1256 est
907 1203 1062 1256 mihi.
1109 1203 1222 1257 Sed
1242 1205 1275 1231 ‘⁶
1293 1205 1527 1271 subit0,'’
1548 1205 1828 1277 inquiunt,
1845 1207 1878 1234 ‘⁶
1895 1226 1965 1260 ne
1985 1208 2288 1262 mercedem

380 1291 643 1360 magistro
680 1290 931 1358 reddant,
970 1291 1290 1361 conspirant
1331 1292 1491 1345 multi
1535 1292 1930 1360 adolescenteS,
1969 1303 2024 1347 et
2062 1296 2288 1349 transfe-

379 1387 510 1433 runt
551 1398 609 1432 se
644 1378 716 1432 ad
753 1379 921 1432 alium
933 1379 979 1444 ;'‘
1021 1378 1323 1432 desertores
1358 1379 1506 1446 fidei,
1548 1387 1603 1434 et
1638 1382 1843 1452 quibus
1886 1401 1999 1453 prae
2035 1384 2287 1454 pecuniae

175 1479 246 1520 Ps.
274 1481 366 1529 138,
383 1467 650 1520 charitate
683 1466 901 1539 justitia
944 1466 1069 1519 vilis
1111 1475 1208 1520 est.
1311 1468 1523 1520 Oderat
1568 1468 1734 1522 etiam
1773 1469 1909 1523 istos
1953 1489 2046 1523 cor
2085 1490 2287 1537 meum,

175 1537 244 1576 ²²·
383 1555 635 1627 quamvis
661 1573 773 1606 non
788 1555 1040 1624 perfecto
1067 1555 1206 1607 odie.
1285 1554 1451 1616 Quod
1471 1555 1618 1608 enim
1646 1557 1714 1609 ab
1744 1557 1823 1609 eis
1842 1575 2104 1627 passurus
2122 1577 2287 1624 eram,

382 1642 562 1711 magis
601 1641 822 1695 oderam
859 1641 1107 1707 fortasse,
1149 1660 1412 1713 quamoeo
1445 1642 1595 1714 quod
1631 1644 1859 1698 cuilibet
1891 1645 2087 1699 illic-ita
2123 1646 2287 1700 facie-

385 1732 537 1783 bant.
618 1730 778 1783 Certe
818 1735 1002 1782 tamen
1034 1737 1220 1799 turpes
1258 1737 1387 1782 sunt
1424 1731 1579 1795 taleS,
1611 1738 1666 1783 et
1684 1732 2056 1803 fornicantur
2088 1733 2185 1786 abs
2218 1741 2288 1799 te,

385 1816 620 1871 amando
653 1817 893 1870 volatica
924 1816 1165 1869 ludibria
1201 1822 1511 1887 temporum
1544 1824 1600 1871 et
1634 1819 1848 1872 lucrum
1881 1821 2111 1886 luteum,
2139 1821 2289 1892 quod

385 1924 512 1959 cum
553 1904 1002 1975 apprehenditur,
1038 1923 1263 1957 manum
1298 1905 1578 1976 inquinat,
1620 1916 1675 1958 et
1710 1908 2093 1976 amplectendo
2131 1927 2285 1961 mun-

388 1993 522 2046 dum
548 1992 871 2061 fugientem,
901 1991 1302 2045 contemnendo
1330 1999 1383 2045 te
1409 1999 1739 2059 manentem,
1768 2000 1822 2047 et
1844 2004 2207 2063 revocantem,
2235 2004 2290 2050 et

444 2142 464 2165 ¹¹
495 2140 584 2179 Nec
622 2139 819 2180 immerito
864 2152 936 2178 nos
985 2137 1037 2177 ad
1086 2136 1311 2190 hujusmodi
1376 2138 1711 2179 necessitudinem
1739 2140 1970 2181 Manichaea
1989 2142 2089 2183 fides
2116 2143 2288 2184 reddidit

392 2194 628 2249 scripturas,
648 2203 731 2234 tam
752 2195 1066 2235 inconsonantes
1094 2202 1134 2233 et
1162 2194 1309 2239 variaS‚
1370 2202 1515 2240 tutum,
1538 2208 1628 2248 quae
1650 2196 1845 2251 principio
1881 2198 1980 2237 mihi
2007 2212 2087 2239 non
2116 2201 2286 2246 cunctis,

388 2264 597 2304 nunquam
634 2264 731 2291 sane
764 2253 850 2292 sine
885 2249 1041 2305 judicio
1075 2263 1123 2289 ac
1159 2251 1312 2289 ratione
1368 2263 1459 2302 quae
1478 2263 1527 2290 ex
1549 2251 1768 2291 Salvatoris
1792 2254 1951 2294 nomine
1972 2254 2119 2308 scripta
2146 2256 2280 2308 legun-

391 2320 508 2347 aures
538 2306 756 2351 afferimus,
780 2308 847 2348 sed
871 2305 1194 2360 contemplantes
1224 2318 1309 2344 om-

387 2363 471 2408 nia.
499 2370 539 2403 et
570 2376 663 2403 cum
692 2363 781 2403 aliis
811 2362 893 2403 alia
918 2361 1184 2406 conferentes,
1217 2374 1307 2415 per-

385 2418 614 2474 pendimus,
667 2426 803 2459 utrum
854 2431 991 2458 eorum
1047 2416 1226 2470 quidque
1285 2430 1308 2455 a

387 2474 548 2516 Christo
571 2473 651 2514 dici
672 2475 845 2527 potuerit
875 2486 1018 2519 necne,
1039 2474 1166 2512 multa
1201 2471 1306 2511 enirn

388 2545 413 2571 a
461 2530 682 2584 majoribus
731 2531 873 2570 vestris
917 2529 1089 2581 eloquiis
1141 2527 1308 2568 Domini

387 2586 512 2626 nostri
548 2585 696 2626 inserta
727 2587 849 2626 verba
884 2592 992 2631 sunt,
1027 2598 1116 2638 quae
1150 2583 1309 2624 nomine

386 2642 544 2695 signata
580 2642 704 2696 ipsius
738 2656 830 2682 cum
864 2640 950 2695 ejus
982 2640 1061 2680 fide
1100 2654 1178 2679 uon
1213 2653 1308 2679 con·

388 2706 558 2750 gruant3
607 2699 826 2753 praesertim
864 2697 975 2751 quia,
1013 2703 1056 2736 ut
1083 2696 1171 2750 jam
1204 2709 1310 2750 saepe

387 2754 599 2808 probatum
632 2768 655 2794 a
690 2754 804 2794 nobis
824 2763 898 2799 est,
921 2766 995 2793 nec
1025 2752 1076 2792 ab
1108 2753 1193 2806 ipso
1225 2752 1310 2792 baec

389 2816 498 2856 sunt,
523 2823 594 2849 nec
615 2810 667 2849 ab
689 2810 776 2863 ejus
799 2809 1004 2863 Apostolis
1036 2807 1198 2862 scripta,
1221 2806 1307 2855 sed,

388 2865 516 2905 multo
536 2871 625 2919 post
644 2879 780 2906 eorum
804 2865 1114 2919 assumptionem
1136 2877 1160 2903 a
1178 2863 1310 2902 nescio

387 2920 553 2974 quibus,
575 2927 615 2959 et
636 2921 731 2976 ipsis
750 2921 853 2959 inter
870 2934 911 2960 se
932 2933 1010 2960 non
1028 2918 1308 2958 concordanti-

388 2976 480 3024 bus,
493 2975 788 3023 semi-Judaeis,
802 2990 870 3030 per
883 2976 1011 3016 famas
1022 2974 1311 3028 opinionesque

388 3039 599 3087 comperta
620 3039 728 3071 sunt.
769 3033 942 3071 Faustus
971 3031 1000 3070 1.
1033 3029 1172 3069 xxxiii.
1205 3042 1243 3069 c.
1270 3031 1310 3069 3.

390 3087 677 3128 Indeficientes
711 3101 785 3141 ego
813 3085 1048 3141 praeceptori
1077 3098 1166 3125 meo
1188 3085 1312 3125 refero

389 3145 556 3196 gratias,
577 3143 646 3196 qui
668 3157 732 3183 me
764 3142 945 3182 similiter
975 3141 1179 3182 labentem
1214 3141 1306 3180 reti—

390 3198 494 3246 nuit,
515 3206 561 3239 ut
580 3212 706 3239 essem
731 3198 849 3238 hodie
868 3196 1137 3238 Christianus.
1196 3197 1308 3236 Nam

388 3268 466 3307 ego
501 3268 662 3308 quoque
696 3268 788 3294 cum
822 3253 1044 3308 capitulum
1083 3253 1234 3306 (Matt.
1266 3254 1307 3298 5,

394 3310 484 3362 17.)
521 3310 595 3350 boc
625 3309 860 3366 imprudens
891 3309 1080 3362 legerem,
1113 3307 1308 3361 quemad·

389 3366 555 3407 modum
595 3372 655 3413 tu,
695 3378 812 3421 paene
859 3365 983 3405 ieram
1022 3364 1062 3404 in
1096 3363 1307 3403 consilium

389 3422 566 3463 Judaeus
594 3421 693 3462 fieri.
769 3422 860 3461 Nec
892 3420 1116 3468 immeri103
1159 3418 1308 3460 etenim

388 3478 422 3518 si
444 3477 629 3518 Christus
650 3476 781 3530 legem
816 3490 895 3516 non
929 3476 1040 3516 venit
1057 3475 1209 3516 solvere
1237 3475 1309 3516 sed

389 3532 778 3588 adimplere—vide,
806 3532 838 3571 si
868 3532 967 3585 quid
1001 3529 1196 3586 impedire
1219 3532 1308 3581 ,iam

417 3595 558 3633 oterat,
578 3589 676 3640 quin
695 3589 826 3629 faetus
842 3601 971 3628 essem
994 3587 1018 3628 J
1026 3587 1177 3627 udaeus.
1221 3585 1303 3627 Sed

387 3603 483 3685 Euic
515 3644 692 3699 periculo
722 3657 786 3686 me
818 3642 1040 3684 Manichaei
1075 3640 1302 3683 veneranda

388 3698 491 3740 fides
508 3699 670 3755 eripuit.
707 3699 773 3740 Id.
793 3698 874 3739 xix.
895 3701 936 3740 5.
993 3699 1048 3738 Et
1071 3706 1208 3738 tamen
1237 3710 1302 3738 me

389 3754 553 3807 quidem
594 3754 680 3809 jam
730 3754 922 3797 adversus
967 3753 1133 3808 capituli
1183 3753 1302 3807 hujus

1370 2314 1434 2346 tur
1451 2307 1598 2360 passim
1623 2307 1785 2348 credere
1807 2310 2018 2363 persuasit,
2032 2310 2101 2350 sed
2119 2315 2287 2366 probare

1365 2361 1398 2400 si
1419 2363 1499 2401 sint
1519 2362 1662 2402 eadem
1683 2377 1790 2412 vera,
1810 2364 1842 2403 si
1859 2378 1973 2412 sana,
1990 2367 2021 2405 si
2036 2366 2284 2422 incorrupta;

1366 2431 1451 2457 esse
1496 2417 1604 2458 enim
1635 2419 1838 2472 permulta
1872 2421 2040 2466 zizania,
2079 2425 2153 2462 ἃς.
2223 2424 2286 2465 Id.

1367 2473 1479 2514 xviii.
1501 2475 1538 2513 3.
1592 2475 1748 2514 Volunt
1769 2477 1904 2517 nescio
1923 2491 2021 2530 quos
2038 2485 2288 2532 corruptores

1367 2529 1593 2569 divinorum
1628 2531 1818 2570 librorum
1859 2541 1952 2573 ante
1989 2534 2114 2587 ipsius
2147 2536 2283 2575 Mani-

1366 2585 1469 2624 chaei
1500 2593 1682 2641 tempora
1708 2587 1849 2636 fuisse3
1893 2589 2114 2642 corrupisse
2148 2598 2281 2630 autem

1366 2640 1472 2688 illos,
1509 2642 1579 2695 qui
1615 2642 1850 2683 Judaeorum
1889 2645 2018 2697 legem
2058 2646 2281 2700 Evangelio

1370 2696 1534 2737 miscere
1564 2698 1795 2752 cupiebant.
1842 2700 1950 2754 Aug.
1973 2701 2022 2741 de
2058 2702 2158 2743 Util.
2182 2704 2283 2743 Cre-

1367 2751 1507 2800 dendi,
1528 2766 1566 2793 c.
1584 2755 1626 2794 3.

1422 2812 1445 2835 x
1478 2807 1743 2850 Proferendus
1776 2817 1836 2849 est
1869 2823 2043 2865 namque
2077 2812 2150 2852 tibi
2182 2813 2286 2852 alius

1366 2864 1496 2904 codex
1536 2864 1680 2904 eadem
1715 2865 1937 2910 continens,
1970 2874 2012 2905 et
2050 2874 2183 2907 tamen
2225 2869 2283 2909 in-

1365 2926 1576 2973 corruptus
1610 2927 1650 2959 et
1680 2920 1819 2965 verior,
1851 2921 1920 2960 ubi
1954 2921 2039 2961 sola
2074 2922 2205 2964 desint
2238 2938 2286 2965 ea

1366 2988 1460 3027 quae
1482 2974 1546 3014 hic
1567 2976 1747 3015 immissa
1776 2988 1862 3015 esse
1890 2976 2125 3020 criminaris.
2189 2980 2283 3019 Non

1369 3030 1530 3077 faciam,
1551 3029 1697 3084 inquiS‚
1715 3044 1765 3070 ne
1785 3031 1869 3084 ipse
1888 3032 2110 3086 corrupisse
2130 3035 2285 3076 credar.

1372 3086 1461 3125 Hoc
1481 3085 1588 3125 enim
1621 3086 1756 3126 soletis
1786 3087 1934 3129 dicere.
1980 3090 2087 3142 Aug.
2107 3090 2158 3130 de
2187 3105 2284 3132 mor.

1367 3141 1484 3182 Eccl.
1527 3142 1647 3183 Cath.
1687 3156 1723 3182 c.
1763 3143 1827 3183 19.
1868 3144 1903 3195 ᾗ.
1942 3145 2010 3184 61.
2090 3145 2196 3185 Cum
2234 3161 2284 3187 ex

1366 3196 1532 3237 adverso
1554 3197 1726 3238 audieris
1746 3203 1772 3220 ‘⁴
1791 3200 1960 3252 proba,''
1976 3213 2054 3239 non
2074 3202 2283 3254 confugias

1367 3252 1418 3291 ad
1433 3253 1617 3307 exempla
1631 3253 1798 3300 veriora,
1813 3255 1877 3294 vel
1895 3255 2067 3308 plurium
2082 3257 2283 3306 codicum,

1368 3307 1435 3347 vel
1459 3310 1728 3362 antiquorum,
1750 3309 1815 3348 vel
1831 3309 1980 3361 linguae
2009 3313 2283 3366 praecedentis,

1366 3362 1475 3404 unde
1495 3365 1571 3404 hoc
1594 3365 1635 3403 in
1651 3364 1772 3405 aliam
1788 3364 1967 3419 linguam
1982 3367 2281 3422 interpretatum

1365 3426 1443 3468 est,
1475 3420 1546 3461 sed
1576 3420 1687 3460 dicas
1717 3425 1744 3443 “
1766 3419 1861 3461 inde
1896 3423 2021 3477 probo
2057 3423 2133 3464 hoc
2173 3423 2284 3464 illius

1365 3487 1467 3523 esse,
1502 3475 1603 3514 illud
1636 3489 1714 3515 non
1744 3488 1847 3524 esse,
1877 3478 1973 3531 quia
2005 3478 2079 3519 hoc
2109 3492 2180 3534 pro
2219 3492 2283 3519 me

1364 3538 1495 3578 sonat,
1524 3530 1627 3570 illud
1663 3539 1802 3572 contra
1837 3533 1949 3574 me.'’
2021 3535 2086 3574 Tu
2117 3549 2160 3576 es
2188 3548 2283 3588 ergo

1359 3586 1499 3639 regula
1533 3586 1747 3628 veritatis?
1799 3601 1835 3628 c.
1878 3589 2017 3630 Faust.
2054 3589 2109 3630 xi.
2147 3591 2189 3630 2.
2227 3589 2281 3631 cf.

1357 3641 1484 3682 xxxii.
1511 3642 1572 3682 16.
1591 3642 1644 3683 de
1673 3642 1775 3684 Util.
1803 3643 2025 3693 Credendi,
2046 3658 2084 3686 c.
2106 3647 2147 3687 3.
2170 3646 2205 3699 §.
2239 3647 2280 3687 7.

1358 3697 1437 3752 Ep.
1457 3699 1526 3738 82.
1545 3698 1582 3750 §.
1602 3699 1644 3739 6.

1411 3763 1430 3789 y
1462 3752 1562 3795 Vid.
1582 3767 1670 3809 sup.
1704 3754 1756 3796 ad
1778 3754 1806 3797 1.
1823 3753 1880 3796 111.
1900 3755 1938 3806 §.
1959 3755 2001 3795 6.
