2378 4134
584 204 1189 263 CONFESSIONUM
1226 205 1463 259 LIBER
1501 206 1668 260 XIII.
1947 209 2053 259 ’273

205 340 369 408 nifice
386 340 444 390 in
470 340 716 401 Domino,
743 340 874 408 quia
900 339 1120 392 tandem
1146 337 1446 408 aliquando
1469 338 1847 405 repullulastis
1867 354 2057 406 sapere

192 441 299 492 pro
325 441 428 489 me,
453 426 514 475 in
538 441 642 493 quo
670 429 726 475 et
753 423 1075 491 sapiebatis,-
1119 423 1340 476 taedium
1375 427 1558 474 autem
1595 421 1878 474 habuistis.
1954 423 2056 475 Isti

202 529 330 578 ergo
361 510 614 563 diuturno
645 509 807 562 taedio
840 516 1194 574 marcuerant,
1219 516 1275 562 et
1307 507 1463 579 quasi
1495 516 1817 561 exaruerant
1849 510 1918 564 ab
1948 508 2056 561 isto

202 595 378 648 fructu
400 595 530 648 boni
557 595 766 664 operis;
806 602 860 647 et
885 595 1085 663 gaudet
1107 595 1186 648 eis
1212 594 1343 664 quia
1366 595 1790 660 repullularunt,
1813 611 1924 646 non
1950 593 2056 646 sibi

205 682 333 752 quia
370 682 484 752 ejus
520 681 833 748 indigentiae
872 683 1249 734 subvenerunt.
1335 679 1469 732 Ideo
1509 687 1724 732 secutus
1762 680 1865 732 ait:
1930 683 2056 733 Non
2074 686 2184 726 Phil.
2203 686 2245 730 4,

203 767 346 836 quod
384 767 523 819 desit
566 768 784 836 aliquid
826 768 980 825 dico;
1033 784 1126 835 eqo
1167 768 1312 819 enim
1356 766 1549 830 didici,
1587 769 1648 818 in
1699 765 1893 835 quibus
1937 783 2057 819 sum
2076 741 2215 782 10-13.

202 853 471 924 sufficiens
506 871 630 906 esse.
710 854 833 905 Scio
870 860 924 905 et
960 854 1144 904 minus
1180 851 1392 916 habere,
1418 853 1527 904 scio
1559 858 1614 904 et
1645 851 1928 904 abundare
1938 873 1957 910 ;
1997 854 2059 904 in

202 938 448 991 omnibus
474 946 525 991 et
561 941 620 990 in
654 941 838 990 omnia
871 937 1111 989 imbutus
1144 955 1294 995 sum;
1336 944 1389 989 et
1423 939 1642 1002 satiari,
1667 944 1721 989 et
1757 938 1982 1002 esurire,
2006 943 2061 988 et

202 1024 501 1090 abunda-re,
516 1031 572 1077 et
591 1025 885 1092 penuriam
905 1025 1058 1090 pati:
1102 1026 1285 1075 omnia
1305 1039 1511 1090 possum
1538 1024 1597 1075 in
1623 1040 1682 1075 eo
1707 1025 1803 1092 qui
1826 1041 1912 1075 me
1937 1040 2060 1075 con-

182 1111 389 1175 sortat.

276 1199 364 1246 40.
406 1195 567 1248 Unde
605 1194 769 1263 ergo*
811 1195 1030 1263 gaudee,
1068 1213 1100 1247 o
1140 1196 1306 1248 Paule
1344 1195 1570 1263 magne?
1638 1195 1799 1249 Unde
1838 1195 2062 1262 gaudeS,

203 1280 346 1333 unde
379 1282 635 1351 pasceriS,
670 1282 834 1333 homo
866 1287 1116 1333 renovate
1147 1283 1208 1333 in
1242 1284 1574 1348 aqnitionem
1617 1283 1727 1334 Dei
1764 1281 2060 1334 secundum

202 1367 494 1434 ima-qinein
520 1367 639 1436 ejus
663 1368 760 1436 qui
782 1369 985 1419 creavit
1013 1373 1082 1430 te,
1102 1373 1156 1419 et
1178 1369 1368 1418 anima
1394 1369 1513 1418 viva
1538 1374 1688 1419 tanta
1714 1366 2062 1432 continentia,

202 1459 256 1504 et
278 1451 468 1518 lingua
493 1453 742 1516 volatilis,
761 1453 978 1521 loquens
994 1454 1252 1519 mysteria
1269 1451 1294 1500 :2³
1337 1452 1564 1504 Talibus
1592 1453 1795 1522 quippe
1821 1454 2098 1506 animan-l
2125 1463 2216 1503 Cor.

203 1538 348 1590 tibus
381 1539 486 1590 ista
521 1556 647 1591 esca
680 1539 917 1591 debetur.
995 1539 1141 1599 Quid
1175 1547 1256 1591 est
1293 1539 1442 1608 quod
1475 1546 1526 1590 te
1558 1540 1771 1608 pascit?
1832 1540 2060 1592 Laetitia.
2082 1518 2203 1563 ¹⁴⁹²

204 1623 364 1684 Quod
391 1623 632 1693 sequitur
655 1625 952 1677 audiamus.
1043 1627 1439 1687 Verumtamen,
1467 1625 1661 1694 inquit,
1688 1625 2064 1694 benefecistiS,

203 1711 660 1761 communicantes
695 1711 1039 1762 tribulationi
1074 1729 1217 1762 meae.
1298 1710 1445 1762 Hine
1486 1710 1700 1776 gaudet,
1725 1711 1852 1763 hinc
1887 1712 2063 1779 pasci·

204 1802 304 1859 tur,
344 1794 473 1864 quia
511 1794 590 1846 illi
630 1796 1028 1859 benefecerunt,
1066 1814 1176 1846 non
1217 1795 1345 1865 quia
1385 1796 1500 1865 ejus
1539 1797 1790 1862 angustia
1827 1797 2068 1848 relaxata

203 1889 301 1942 est,
340 1880 434 1949 qui
473 1880 606 1932 dicit
641 1882 759 1945 tibi,
800 1883 874 1933 In
918 1882 1269 1934 tribulatione
1312 1882 1564 1932 dilatasti
1604 1884 1773 1932 milei:
1844 1882 1973 1950 quia
2014 1890 2068 1933 et

204 1965 486 2018 abundare
524 1973 577 2018 et
605 1970 901 2033 penuriam
929 1969 1088 2034 pati·
1125 1969 1270 2018 novit
1300 1969 1360 2017 in
1401 1973 1453 2017 te
1491 1969 1586 2035 qui
1622 1968 1894 2035 confortas
1925 1985 2062 2019 eum.
2086 1979 2147 2018 Ps.
2169 1980 2266 2023 4,2.

207 2052 374 2103 Scitis
396 2053 561 2116 enim,
586 2052 781 2121 inquit,
805 2059 859 2104 et
884 2071 987 2117 vos,
1014 2053 1408 2118 Philippenses,
1427 2053 1683 2120 quoniam
1710 2054 1769 2103 in
1790 2054 2067 2119 principio
2081 2069 2184 2109 Phil.
2206 2070 2247 2116 4,

215 2138 517 2204 Evanyelii‚
558 2155 681 2189 cum
731 2156 803 2189 ea·
848 2139 1177 2190 [Macedonia
1219 2155 1337 2189 sum
1381 2138 1682 2205 profect-us,
1725 2141 1881 2190 nulla
1929 2126 2148 2191 mihim
2173 2124 2236 2163 16.

207 2224 457 2274 Ecclesia
494 2225 912 2275 communicavit
951 2225 1011 2274 in
1054 2224 1267 2274 ratione
1305 2223 1426 2273 dati
1470 2229 1522 2274 et
1567 2226 1796 2290 accepti,
1834 2225 1942 2275 nisi
1984 2242 2070 2275 vos

207 2310 304 2360 soli
314 2329 332 2365 ;
375 2309 506 2377 quia
538 2315 592 2360 et
632 2310 1079 2372 Thessalonicam,
1105 2315 1159 2360 et
1185 2310 1346 2359 semel
1381 2315 1435 2360 et
1469 2311 1691 2371 iterum,
1716 2309 1902 2361 usibus
1938 2313 2071 2362 meis

204 2395 443 2445 misistis.
520 2392 606 2445 Ad
647 2394 765 2446 haec
804 2395 950 2446 bona
988 2411 1151 2462 opera
1190 2411 1282 2445 eos
1325 2393 1528 2448 redisse
1572 2412 1717 2445 nunc
1762 2394 1978 2460 gaudet,
2018 2403 2071 2446 et

206 2480 559 2545 repullulasse
582 2479 794 2531 laetatur
818 2488 1075 2548 tanquam
1099 2479 1451 2531 revirescente
1478 2479 1750 2530 fertilitate
1778 2480 1907 2547 agri.

279 2568 365 2615 41.
405 2564 688 2632 Numquid
729 2572 949 2633 propter
988 2582 1118 2615 usus
1158 2582 1302 2626 suos,
1339 2563 1467 2632 quia
1507 2563 1664 2628 dixit,
1708 2565 1901 2616 Usibus
1937 2568 2070 2618 meis

205 2648 476 2701 misistis?
530 2649 796 2719 numquid
827 2657 1110 2719 propterea
1155 2648 1388 2716 gaudet?
1449 2650 1577 2700 Non
1618 2657 1918 2718 propterea.
1996 2652 2070 2702 Et

206 2736 311 2788 hoc
346 2735 488 2787 unde
524 2735 758 2787 scimus?
800 2735 1069 2795 Quoniam
1102 2735 1219 2804 ipse
1253 2735 1494 2804 sequitur
1527 2734 1742 2787 diceus:
1784 2738 1909 2786 Non
1938 2738 2068 2804 quia
2083 2749 2187 2789 Phil.
2211 2750 2250 2795 4,

206 2839 383 2890 quaero
435 2822 645 2886 datum,
683 2822 777 2872 secl
823 2823 1039 2889 requiro
1080 2821 1338 2889 fructum
1356 2818 1397 2870 ³.
1475 2819 1687 2872 Didicit
1727 2839 1760 2873 a
1802 2826 1872 2883 te,
1916 2805 2148 2872 Deus¹⁷·

205 2924 373 2968 meuS,
398 2906 536 2957 inter
560 2905 743 2957 datum
770 2913 824 2957 et
846 2906 1077 2957 fructum
1106 2904 1420 2957 discernere.
1499 2905 1701 2956 Datum
1729 2913 1811 2957 est
1838 2923 1923 2956 res
1948 2906 2069 2974 ipsa

209 3009 369 3060 quam
398 2990 507 3055 dat,
535 2991 629 3060 qui
652 2991 953 3059 impertitur
983 2991 1101 3042 haec
1130 2990 1461 3052 necessaria3
1501 2991 1666 3042 veluti
1694 2999 1776 3042 est
1799 3009 2068 3053 nummuS,

209 3077 382 3138 cibuS,
414 3085 592 3145 potuS,
621 3077 1015 3138 vestimentum,
1051 3083 1268 3138 tectum,
1300 3074 1638 3145 adjutorium.
1716 3077 1944 3126 Fructus
1976 3093 2066 3126 au-

209 3170 333 3225 tem,
358 3162 502 3214 bona
536 3169 589 3213 et
618 3168 765 3214 recta
801 3161 1049 3212 voluntas
1089 3159 1287 3211 datoris
1315 3167 1409 3210 est.
1490 3161 1615 3210 Non
1651 3160 1793 3210 enim
1829 3160 1903 3211 ait
1940 3160 2067 3210 Ma-

203 3250 371 3315 yister
396 3247 578 3310 bonus,
610 3247 719 3302 Qui
745 3247 1039 3311 susceperit
1062 3247 1408 3311 prophetam,
1435 3251 1672 3306 tantum,
1714 3243 1807 3295 sed
1842 3243 2067 3306 addidit,

205 3334 267 3384 in
300 3334 514 3384 nomine
542 3333 845 3398 proplietoe:
891 3347 1067 3398 neque
1106 3329 1181 3380 ait
1212 3335 1437 3391 tantum,
1481 3327 1590 3383 Qui
1623 3331 1918 3396 susceperit
1941 3330 2065 3398 jus-

208 3424 323 3470 tum
340 3438 358 3474 ;
403 3417 498 3468 sed
522 3415 747 3479 addidit,
773 3417 832 3467 in
859 3416 1074 3466 nomine
1084 3414 1246 3481 justi.
1312 3415 1399 3465 Ita
1424 3414 1627 3483 quippe
1653 3415 1743 3465 ille
1769 3415 2062 3466 mercedem

282 3569 299 3593 ⁸
329 3565 538 3606 Penuriam
560 3565 706 3621 quippe
732 3569 814 3620 pati
840 3578 1116 3619 quorumeum-
1170 3565 1258 3617 quis
1284 3578 1362 3605 non
1386 3568 1541 3619 potest?
1584 3564 1661 3605 Sed
1689 3564 1787 3603 scire
1805 3570 1845 3604 et
1863 3564 2063 3603 abundare

227 3632 305 3672 que
336 3620 539 3659 hominum
567 3627 652 3669 est3
686 3622 754 3660 sed
786 3621 884 3660 scire
916 3619 1115 3673 penuriam
1173 3632 1251 3658 non
1276 3619 1346 3657 nisi
1365 3632 1496 3658 eorum
1519 3626 1576 3658 est
1593 3633 1690 3672 quos
1715 3618 1960 3657 abundantia
1986 3631 2064 3657 nou

211 3675 289 3725 pati
322 3687 551 3727 magnorum
585 3682 658 3715 est.
749 3675 812 3715 Sic
845 3681 885 3713 et
916 3674 1119 3712 abundate
1175 3673 1400 3726 corrumpit.
1436 3674 1538 3726 Aug.
1554 3674 1602 3713 de
1623 3674 1746 3712 Bonae
1766 3673 2064 3726 conjug-021.

1121 3760 1152 3795 Τ
