2378 4134
430 158 533 208 112
870 157 873 159 ’
907 158 963 212 S.
991 159 1435 213 AUGUSTINI
1475 159 1838 214 EPISCOPI

419 295 682 342 mentum.
737 291 872 361 Ipsa
897 294 1258 345 occurrebant
1282 290 1529 364 undique
1555 293 1847 347 acervatim
1867 299 1923 346 et
1941 293 2311 361 conglobatim

421 376 691 442 cementi3
741 377 1010 446 cogitanti
1042 384 1225 431 autem
1260 379 1532 447 imagines
1566 397 1875 450 corporum,
1900 378 2036 450 ipsae
2071 393 2312 450 oppone-
2363 440 2373 446 Α,

417 463 618 516 bantur
640 464 909 531 redeunti,
937 466 1095 536 quasi
1123 465 1416 519 diceretur:
1477 466 1603 527 Quo
1632 467 1698 532 is,
1724 466 1953 535 indigne
1978 474 2033 520 et
2058 468 2310 524 sordide?

211 545 282 587 1³⁸·
307 546 375 595 88,
419 550 498 602 Et
530 550 651 605 haec
689 551 757 604 de
789 553 1013 605 vulnere
1048 569 1170 605 meo
1208 559 1505 617 creverant,
1531 552 1663 623 quia
1697 555 2011 606 humiliasti
2045 561 2311 625 tanquam
2363 560 2378 567 ’

214 602 281 643 ¹¹⁶
415 639 789 704 vulneratum,
813 639 1139 707 superbum;
1194 645 1249 692 et
1280 645 1493 691 tumore
1528 657 1651 692 meo
1689 642 1980 711 separabar
2017 642 2116 693 abs
2140 637 2241 707 teh,
2261 650 2314 696 et

414 724 581 778 nimis
606 726 798 779 inflata
821 726 990 779 facies
1019 726 1313 779 claudebat
1339 727 1530 779 oculos
1556 745 1726 780 meos,

238 826 367 867 VIII.
495 817 579 866 12.
620 815 708 866 Tu
733 832 880 881 ver0,
908 814 1168 883 Domine,
1184 815 1243 867 in
1270 822 1534 868 aeternum
1558 834 1764 882 maneS,
1782 825 1836 870 et
1851 835 1963 869 non
1978 817 2038 869 in
2054 823 2313 872 aeternum

208 881 390 978 ffoufffi‘i']
415 901 664 955 irasceris
698 901 885 954 nobis:
939 903 1201 972 quoniam
1236 903 1526 955 miseratus
1563 921 1623 956 es
1658 912 1853 958 terram
1891 910 1946 957 et
1979 904 2235 971 cinerem,
2260 911 2315 958 et

207 1004 259 1031 na
281 994 394 1034 mise·
414 988 626 1058 placuit
648 987 707 1040 in
734 994 1036 1059 conspectu
1060 995 1155 1042 tuo
1182 989 1468 1042 reformare
1502 989 1768 1043 deformia
1799 1009 1947 1056 mea3
1989 998 2043 1043 et
2079 992 2312 1046 stimulis

205 1050 381 1144 ἓξὲξ-’ἆ
412 1075 640 1127 internis
684 1075 934 1143 agitabas
978 1095 1083 1142 me,
1127 1082 1191 1129 ut
1232 1076 1528 1147 impatiens
1573 1095 1767 1142 essem,
1814 1078 1989 1131 donec
2028 1079 2166 1131 mihi
2215 1098 2314 1150 per

202 1159 311 1254 gerit
412 1160 722 1214 interiorem
748 1168 1033 1232 aspectum
1068 1170 1248 1216 certus
1281 1182 1446 1216 esses.
1526 1165 1604 1218 Et
1637 1164 1912 1218 residebat
1947 1172 2129 1218 tumor
2159 1184 2312 1220 meus

204 1229 366 1312 ‘gog-us-
414 1261 485 1295 ex
513 1247 732 1300 occulta
754 1267 922 1302 manu
954 1250 1243 1305 medicinae
1278 1258 1407 1316 tuae,
1436 1251 1693 1322 aciesque
1733 1253 2057 1305 conturbata
2094 1258 2148 1304 et
2183 1271 2310 1306 con-

410 1333 693 1386 tenebrata
717 1336 915 1388 mentis
934 1355 1089 1402 meae,
1107 1338 1217 1390 acri
1238 1337 1464 1407 collyrio
1485 1338 1785 1390 salubrium
1805 1337 2055 1391 dolorum
2069 1357 2311 1392 meorum

412 1419 480 1472 de
506 1420 595 1474 die
622 1421 681 1474 in
709 1422 854 1476 diem
883 1427 1191 1478 sanabatur.

259 1517 339 1557 1x.
491 1513 574 1561 13.
613 1511 691 1563 Et
713 1512 892 1581 primo
917 1516 1107 1567 volens
1135 1514 1420 1568 ostendere
1447 1515 1581 1567 mihi
1609 1534 1773 1586 quam
1799 1518 2022 1568 resistas
2047 1517 2310 1585 superbiri,

203 1571 374 1669 Ξέῃξὲᾶ
410 1598 713 1651 humilibus
753 1608 940 1654 autem
984 1604 1078 1656 des
1116 1606 1384 1672 qratiam,
1431 1610 1485 1656 et
1537 1611 1744 1674 quanta
1794 1605 2167 1658 misericordia
2215 1613 2312 1659 tua

202 1696 294 1778 ffim,
413 1684 782 1740 demonstrata
835 1689 905 1741 sit
953 1689 1273 1742 hominibus
1323 1690 1413 1742 via
1462 1689 1808 1757 humilitatis,
1862 1690 2012 1761 quod
2067 1693 2309 1744 Verbum

205 1753 335 1834 ἧρῗιῗῑ
411 1782 567 1828 tuum
594 1796 717 1830 caro
755 1778 962 1831 factum
996 1786 1094 1847 est,
1123 1787 1178 1833 et
1206 1780 1479 1833 habitavit
1515 1780 1656 1831 inter
1686 1780 1965 1845 homines3
2005 1781 2310 1850 procurasti

200 1850 387 1946 38ξὲᾙᾶ
408 1864 547 1916 mihi
581 1882 679 1934 per
721 1865 1014 1935 quemdam
1046 1867 1327 1919 hominem
1367 1866 1762 1918 immanissimo
1800 1869 1973 1938 typho
2015 1869 2310 1937 turgidum,

201 1966 394 2023 remmon
411 1950 680 2021 quosdam
715 1952 1146 2005 Platonicorum*
1176 1954 1347 2005 libros
1386 1970 1458 2005 ex
1495 1953 1694 2005 Graeca
1722 1953 1914 2022 lingua
1956 1955 2013 2006 in
2057 1956 2312 2010 Latinam

200 2030 386 2114 ζξῗιῗξὶῗ
410 2054 622 2091 versos:
683 2044 738 2091 et
776 2038 857 2090 ibi
901 2039 1029 2107 legi,
1075 2057 1186 2091 non
1233 2038 1456 2110 quidem
1496 2039 1584 2091 his
1628 2041 1826 2107 verbiS,
1872 2043 1968 2094 sed
2011 2043 2118 2097 hoc
2163 2043 2308 2097 idem

199 2127 354 2170 litatem
410 2127 633 2179 omnino
672 2126 860 2178 multis
900 2134 954 2180 et
990 2128 1391 2199 multiplicibus
1444 2127 1658 2180 suaderi
1699 2129 2020 2195 rationibUS,
2062 2132 2211 2202 quod
2248 2136 2309 2185 in

202 2183 370 2226 invenit.
492 2217 501 2225 .
586 2217 595 2226 .
648 2217 657 2225 .

208 2254 224 2291 ι
246 2253 337 2292 Pet.
350 2255 392 2301 5,
399 2232 686 2282 principio
713 2221 836 2266 erat
878 2213 1124 2279 Verbum,
1150 2220 1203 2266 et
1246 2213 1472 2265 Verbum
1507 2220 1630 2266 erat
1663 2216 1820 2282 apud
1844 2219 2046 2282 Deum,
2073 2226 2128 2271 et
2154 2221 2309 2272 Deas

199 2310 241 2349 5.
273 2309 299 2349 J
305 2321 363 2349 ac.
409 2311 532 2356 erat
574 2303 830 2356 Verbum:
886 2305 984 2355 hoc
1010 2310 1133 2355 erat
1160 2305 1220 2355 in
1242 2304 1525 2370 principio
1550 2305 1706 2371 apud
1730 2307 1914 2357 Deum
1927 2328 1946 2364 ;
1999 2309 2185 2359 omnia
2200 2327 2308 2376 per

201 2365 337 2474 ἒξ]
406 2392 773 2460 ipsmnfacta
798 2398 948 2456 sunt,
974 2397 1028 2443 et
1053 2393 1172 2443 sine
1197 2391 1312 2457 ipso
1319 2391 1550 2459 factum
1578 2397 1659 2443 est
1684 2394 1856 2444 m‘lzz‘l:
1913 2395 2058 2463 quod
2072 2395 2304 2463 factum

204 2490 325 2530 1—5.
407 2486 487 2531 est
525 2482 585 2532 in
624 2481 759 2547 2'1030,
798 2481 914 2531 vita
953 2485 1094 2543 erat,
1131 2485 1186 2530 et
1225 2479 1341 2529 vita
1379 2485 1503 2530 erat
1541 2480 1644 2530 lux
1682 2481 1984 2545 hominum,
2018 2488 2073 2533 et
2109 2484 2212 2534 lua·
2243 2485 2304 2535 in

408 2568 645 2621 tenebris
684 2570 850 2632 lucet,
890 2574 943 2619 et
990 2565 1221 2619 tenebrae
1273 2583 1395 2617 eam
1446 2584 1555 2617 non
1606 2569 2151 2634 comprehenderemt.
2229 2572 2307 2624 Et

408 2657 540 2726 quia
556 2656 798 2708 hominis
818 2654 1001 2708 anima
1022 2653 1271 2724 quamvis
1293 2653 1665 2705 testimonium
1681 2655 1978 2721 perhibeat
1993 2657 2060 2709 de
2079 2658 2306 2723 lumine,

407 2761 515 2795 non
536 2750 613 2796 est
635 2751 818 2796 tamen
838 2742 961 2812 ipsa
980 2738 1199 2793 lmnenk
1212 2762 1230 2798 ;
1271 2739 1368 2792 sed
1382 2746 1566 2792 tamen
1585 2742 1827 2794 Verbum
1849 2743 2002 2795 Deus
2022 2751 2103 2796 est
2119 2746 2305 2797 lumen

465 2898 485 2929 b
519 2896 717 2952 Superbia
736 2896 844 2936 enim
860 2893 1329 2947 avertitasapientiaz—
1381 2893 1493 2946 jecto
1523 2894 1698 2947 quodam
1733 2894 1882 2934 lumine
1915 2895 2164 2950 intelligibili,
2194 2898 2304 2951 quod

406 2954 512 2994 unde
533 2960 665 2992 autem
686 2952 772 2991 haec
793 2950 958 2997 aversio,
973 2949 1045 2989 nisi
1058 2950 1154 2989 dum
1171 2948 1243 2988 ille
1262 2949 1325 2988 cui
1387 2948 1501 2987 Deus
1531 2955 1590 2988 est
1619 2948 1715 2995 illis,
1736 2956 1775 2989 et
1803 2949 1912 2990 aliud
1943 2959 2000 2991 est
2028 2966 2149 3005 quam
2181 2953 2257 2999 illi,
2278 2967 2303 2993 a

404 3009 556 3049 bonum
568 3015 627 3048 est
640 3008 768 3052 Deus,
781 3006 854 3046 sibi
876 3006 958 3060 ipse
974 3005 1059 3044 vult
1077 3017 1160 3044 esse
1174 3005 1323 3043 bonum
1382 3015 1462 3055 quo
1486 3003 1749 3051 illustrantur,
1782 3014 1825 3044 ut
1853 3006 2045 3056 clareant,
2066 3015 2187 3059 atque
2215 3009 2302 3063 ejus

404 3078 537 3112 suum,
559 3062 671 3104 sicuti
698 3062 774 3102 sibi
803 3069 862 3103 est
881 3062 1021 3101 Deus?
1054 3060 1160 3113 Aug.
1180 3059 1229 3099 de
1250 3059 1322 3099 lib.
1379 3059 1679 3112 participatione
1695 3060 1856 3114 perfecti
1869 3061 2053 3116 beatique
2067 3063 2299 3105 subsistant.

403 3119 507 3160 Arb.
527 3120 556 3159 l.
579 3118 637 3160 iii.
656 3131 692 3158 c.
711 3119 781 3158 24.
1385 3114 1501 3168 Saepe
1519 3115 1768 3169 multumque
1793 3115 1972 3156 Plotinus
1990 3118 2125 3159 asserit
2140 3132 2299 3160 sensum

452 3170 466 3202 ἰ
486 3174 615 3215 Lectis
630 3173 809 3214 Platonis
821 3169 1328 3226 paucissimislibris,cujus
1387 3169 1564 3210 Platonis
1609 3171 1846 3226 explanans,
1886 3186 1935 3213 ne
1972 3173 2084 3212 illam
2123 3174 2297 3228 quidem,

403 3237 442 3270 te
471 3243 554 3271 esse
574 3228 901 3270 studiosissimum
925 3226 1078 3281 accepi,
1100 3226 1326 3280 collataque
1382 3238 1503 3279 quam
1525 3227 1696 3266 credunt
1711 3240 1811 3275 esse,
1831 3227 2090 3268 universitatis
2106 3230 2298 3277 animam,

405 3299 498 3326 cum
533 3285 606 3332 eis,
636 3292 831 3338 quantum
863 3282 987 3338 potui,
1016 3282 1134 3322 etiam
1164 3280 1325 3321 illorum
1382 3280 1543 3321 aliunde
1561 3281 1720 3321 beatam
1751 3295 1835 3323 esse
1864 3297 1984 3336 quam
2007 3291 2207 3325 nostram:
2239 3285 2298 3326 id-

405 3341 653 3386 auctoritate,
680 3340 751 3394 qui
779 3339 914 3379 divina
941 3336 1130 3392 mysteria
1159 3336 1328 3376 tradide·
1385 3349 1462 3389 que
1482 3349 1567 3377 esse
1587 3337 1722 3377 lumen
1742 3339 1850 3392 quod
1878 3339 1962 3393 ipsa
1981 3353 2060 3379 non
2079 3346 2157 3388 est,
2176 3341 2246 3381 sed
2274 3353 2299 3380 a

405 3403 512 3444 runt,
529 3396 583 3436 sic
603 3395 749 3443 exarsi,
766 3402 807 3434 ut
827 3407 965 3434 omnes
983 3394 1074 3433 illas
1088 3391 1231 3432 vellem
1255 3405 1326 3432 an·
1384 3405 1465 3445 quo
1483 3399 1616 3432 creata
1635 3400 1707 3442 est,
1725 3401 1764 3433 et
1783 3407 1863 3446 quo
1885 3394 2186 3449 intelligibiliter
2204 3394 2298 3435 illu-

405 3465 519 3492 coras
537 3464 737 3506 rumpere,
758 3450 830 3490 nisi
850 3463 913 3489 me
942 3448 1227 3489 nonnullorum
1254 3446 1325 3488 ho·
1382 3446 1560 3487 minante
1580 3447 1879 3502 intelligibiliter
1908 3449 2016 3490 lucet
2020 3477 2163 3491 .....
2186 3449 2298 3491 Dicit

405 3507 558 3547 minum
578 3505 817 3548 existimatio
835 3511 1114 3545 commoveret.
1152 3504 1257 3558 Aug.
1275 3503 1326 3544 de
1382 3514 1476 3557 ergo
1518 3502 1586 3543 ille
1623 3516 1795 3556 magnus
1836 3502 2084 3551 Platonicus,
2121 3505 2295 3545 animam

406 3563 503 3603 Vita
522 3561 664 3611 Beata,
682 3563 718 3613 §.
738 3562 780 3602 4.
1381 3557 1629 3606 rationalem,
1653 3559 1756 3612 (sive
1785 3559 1915 3615 potius
1938 3560 2218 3601 intellectualis
2236 3560 2295 3600 di-

457 3616 483 3647 k
513 3617 714 3658 Viderunt
740 3615 981 3671 philosophi,
1001 3614 1161 3670 suisque
1188 3613 1327 3655 litteris
1382 3613 1514 3654 cenda
1533 3613 1595 3660 sit,
1616 3628 1665 3655 ex
1685 3628 1765 3667 quo
1784 3628 1927 3669 genere
1945 3615 2065 3656 etiam
2093 3615 2297 3656 immorta-

402 3672 539 3712 multis
568 3673 695 3713 modis
720 3670 989 3727 copiosissime
1018 3671 1324 3717 mandaverunt,
1382 3668 1481 3709 lium
1502 3669 1787 3723 beatorumque
1812 3671 1966 3711 animas
1983 3683 2069 3711 esse
2095 3669 2292 3725 intelligit,

401 3725 496 3768 hinc
525 3726 632 3776 illos,
654 3726 764 3768 unde
791 3733 832 3768 et
860 3739 948 3776 nos,
970 3725 1055 3768 fieri
1080 3726 1233 3774 beatos,
1254 3725 1325 3766 ob·
1382 3737 1481 3780 quos
1509 3723 1550 3766 in
1578 3725 1808 3768 coelestibus
1837 3725 1996 3768 sedibus
2014 3725 2194 3768 habitare
2213 3737 2293 3766 non
