2378 4134
535 272 1140 329 CONFESSIONUM
1178 270 1422 324 LIBER
1460 270 1558 322 lv.
1902 272 1972 321 09

118 425 219 460 nec
256 407 430 477 ipsam
471 412 705 458 mentem
748 411 985 457 nostram
1025 419 1290 455 summum
1333 409 1493 470 atque
1530 398 1973 452 incommutabile

118 495 334 546 bonum.

191 582 276 630 25.
316 577 469 630 Sicut
517 575 660 628 enim
708 575 948 628 facinora
988 581 1129 638 sunt,
1174 573 1220 626 si
1265 572 1489 624 vitiosus
1538 575 1622 622 est
1667 568 1760 621 ille
1809 567 1975 620 animi

118 669 311 725 motuS‚
335 662 393 713 in
419 678 527 731 quo
552 668 634 712 est
655 660 908 728 impetuS‚
934 666 989 711 et
1021 677 1079 712 se
1106 658 1282 728 jactat
1312 657 1604 709 insolenter
1636 671 1699 706 ac
1733 651 1973 716 turbide3

119 754 172 800 et
195 746 415 814 flagitia,
441 746 487 797 si
513 751 596 797 est
618 743 969 797 immoderata
991 744 1087 796 illa
1112 744 1305 796 animae
1331 741 1563 805 affecti0‚
1590 756 1698 809 qua
1735 738 1975 791 carnales

117 832 432 885 hauriuntur
469 831 798 898 voluptates:
854 829 932 882 ita
968 846 1168 881 errores
1208 836 1263 880 et
1299 828 1448 879 falsae
1486 824 1771 894 opiniones
1809 822 1974 875 vitam

120 917 499 979 contaminant,
526 915 571 966 si
595 914 870 966 rationalis
894 931 1047 965 mens
1071 914 1193 982 ipsa
1217 913 1412 964 vitiosa
1436 918 1544 973 est3
1585 908 1761 980 qualis
1796 908 1856 959 in
1886 926 1974 959 me

118 1010 242 1054 tunc
269 1009 396 1066 erat,
420 1000 693 1051 nesciente
718 999 824 1050 alio
849 997 1050 1050 lumine
1073 998 1222 1050 illam
1254 995 1624 1049 illustrandam
1662 1012 1778 1047 esse
1810 1001 1872 1046 ut
1906 993 1976 1045 sit

117 1086 385 1154 particeps
409 1085 664 1149 veritatiS,
693 1083 821 1153 quia
856 1101 966 1135 non
1002 1090 1084 1135 est
1116 1083 1237 1152 ipsa
1271 1090 1463 1135 natura
1494 1080 1748 1133 veritatis.
1825 1080 1972 1139 Quo-

116 1173 259 1222 niam
295 1178 355 1222 ta
392 1169 728 1222 illuminabis
763 1170 1043 1221 lucernam
1079 1186 1276 1232 meam,
1311 1170 1547 1221 Domine
1558 1189 1577 1225 ;
1621 1168 1774 1219 Deus
1805 1176 2057 1229 meus,Ps.
2083 1176 2145 1223 17,

115 1256 451 1309 illuminabis
483 1255 722 1308 tenebras
752 1273 925 1306 meas:
969 1260 1024 1305 et
1056 1254 1122 1305 de
1145 1253 1496 1320 plenitudiue
1530 1260 1629 1304 tua
1664 1269 1759 1303 nos
1794 1268 1974 1303 omnes
1987 1231 2083 1336 3312
2108 1297 2125 1334 ι

115 1344 435 1408 accepimus,
512 1341 594 1392 Es
616 1342 760 1392 enim
788 1346 849 1391 tu
875 1341 1057 1390 lumen
1080 1356 1264 1389 verum
1291 1338 1435 1407 quod
1455 1339 1739 1389 illuminat
1761 1354 1970 1389 omnem
1994 1351 2056 1390 16.
2075 1351 2117 1389 9.
2137 1325 2147 1341 ’

116 1429 380 1479 hominem
418 1428 714 1478 venientem
751 1427 811 1476 in
850 1426 994 1476 hunc
1031 1424 1325 1481 muudum,·
1392 1425 1523 1492 quia-
1560 1425 1622 1474 in
1660 1429 1712 1475 te
1748 1441 1855 1474 non
1892 1429 1972 1474 est
1986 1428 2075 1469 Jac·
2106 1430 2142 1475 1,

118 1514 522 1574 transmutati0‚
546 1529 643 1562 nec
669 1511 925 1561 momenti
947 1508 1296 1560 obumbratio.
1992 1484 2055 1523 ¹⁷⁸

189 1600 274 1647 26.
316 1595 423 1648 Sed
447 1614 548 1662 ego
576 1595 809 1647 conabar
834 1592 901 1646 ad
926 1600 997 1657 te,
1024 1601 1077 1645 et
1099 1594 1396 1662 repellebar
1421 1594 1518 1644 abs
1543 1600 1614 1656 te,
1638 1600 1699 1645 ut
1724 1611 1969 1661 saperem

117 1690 356 1745 mortem,
396 1681 649 1750 quoniam
685 1678 926 1746 superbis
963 1680 1181 1730 resistis.
1268 1678 1415 1738 Quid
1452 1685 1629 1731 autem
1668 1678 1968 1747 superbius,
1988 1691 2006 1729 1
2030 1691 2114 1730 Pet.
2128 1693 2170 1739 6,

118 1784 276 1835 quam
302 1773 362 1817 ut
385 1783 670 1818 assererem
694 1766 829 1816 mira
855 1763 1122 1815 dementia
1145 1781 1230 1815 me
1256 1763 1314 1815 id
1340 1781 1457 1815 esse
1482 1764 1793 1816 naturaliter
1822 1762 1969 1833 quod
1985 1747 2023 1846 Ξ
2042 1745 2155 1841 ἐπ’

117 1859 175 1902 tu
201 1849 310 1903 esf?
365 1852 501 1904 Cum
527 1851 668 1902 enim
693 1868 795 1916 ego
814 1867 985 1901 essem
1004 1850 1295 1914 mutabiliS,
1312 1856 1366 1902 et
1383 1867 1447 1902 eo
1471 1850 1605 1900 mihi
1623 1850 1967 1901 manifestum

117 1944 272 2000 esset,
299 1936 444 2005 quod
466 1935 588 1987 ideo
612 1936 798 2004 utique
824 1935 1039 2003 sapiens
1063 1951 1180 1986 esse
1207 1935 1508 2003 cupiebam,
1526 1942 1586 1987 ut
1609 1953 1679 1987 ex
1706 1933 1966 1986 deteriore

116 2021 302 2072 melior
331 2020 536 2083 fierem3
588 2022 853 2072 malebam
891 2026 1070 2071 tamen
1109 2019 1271 2071 etiam
1304 2026 1356 2071 te
1391 2020 1600 2089 opinari
1634 2020 1966 2084 mutabilem,

117 2123 277 2174 quam
321 2124 405 2157 me
448 2124 558 2158 non
600 2106 704 2157 hoc
749 2121 865 2156 esse
907 2102 1054 2173 quod
1090 2111 1151 2155 tu
1188 2122 1260 2156 es.
1338 2106 1529 2174 Itaque
1565 2106 1877 2173 repellebar,
1913 2111 1967 2156 et

116 2190 398 2242 resistebas
438 2197 671 2241 ventosae
713 2189 908 2241 cervici
943 2206 1102 2240 meae:
1161 2196 1214 2240 et
1254 2189 1588 2257 imaginabar
1615 2191 1812 2242 formas
1850 2209 1965 2243 cor·

115 2291 323 2343 poreaS‚
348 2282 401 2327 et
426 2293 547 2327 caro
573 2277 815 2327 carnem‘
840 2274 1178 2337 accusabam,
1198 2281 1252 2325 et
1273 2277 1502 2341 spiritus
1525 2275 1811 2327 ambulans
1834 2295 1964 2327 non-
1982 2290 2052 2383 fg.
2072 2291 2138 2337 77,

170 2389 189 2421 f
215 2397 278 2435 Ex
323 2395 382 2435 his
428 2397 505 2436 suis
547 2395 688 2435 fabulis
734 2395 843 2435 vanis
891 2403 1009 2449 atque

117 2449 245 2503 impiis
281 2457 471 2503 coguntur
506 2451 649 2493 dicere,
683 2450 832 2489 animas
869 2451 1008 2495 bonas,

117 2516 215 2556 quas
234 2512 393 2543 censent
411 2505 461 2543 ab
480 2504 696 2543 animarum
716 2503 923 2549 malarum,
939 2517 1011 2542 na-

118 2563 214 2596 turae
230 2557 375 2596 scilicet
386 2558 602 2604 contrariae,
617 2557 890 2597 commixtione
910 2558 1006 2597 libe-

118 2611 271 2656 randas,
290 2611 390 2663 ejus,
401 2612 513 2663 cujus
534 2613 644 2651 Deus
661 2619 732 2659 est,
746 2625 827 2651 esse
843 2619 1006 2651 naturae.

118 2664 165 2703 de
179 2664 285 2703 Haer.
325 2665 538 2704 Manichaei
555 2665 705 2711 dicunt,
728 2665 898 2704 animam
918 2678 1007 2718 par-

118 2718 277 2757 ticulam
306 2720 394 2764 Dei,
416 2726 563 2758 naturae
587 2721 701 2758 malae
730 2719 1007 2759 commixtione

119 2771 261 2811 habere
278 2780 497 2826 peccatum.
527 2787 562 2813 c.
577 2775 616 2813 2.
638 2775 741 2827 Epp.
759 2773 894 2826 Pelag.
913 2774 940 2813 l.
965 2773 1007 2814 ii.

118 2838 152 2865 c.
171 2827 212 2865 2.
244 2827 275 2864 A
283 2835 442 2878 gnoscat
453 2827 582 2866 anima
596 2827 852 2867 conditionem
870 2840 1005 2867 suam:

117 2892 195 2919 non
207 2887 263 2919 est
275 2882 395 2921 Deus.
430 2882 530 2921 Cum
542 2895 582 2921 se
594 2882 726 2921 anima
736 2890 847 2935 putat
859 2883 1006 2928 Deum,

117 2933 277 2973 offendit
297 2936 427 2974 Deum
447 2952 455 2974 :
487 2949 566 2974 non
593 2936 740 2975 invenit
758 2935 1005 2982 salvatorem,

117 2988 182 3026 sed
202 2987 345 3027 invenit
363 2991 642 3028 damnatorem.
681 2989 878 3037 Quoniam
898 2991 1008 3030 Deus

118 3043 274 3093 quando
311 3043 461 3083 animas
495 3044 620 3083 malas
650 3045 824 3090 damnat,
856 3057 935 3083 non
965 3058 1006 3084 se

117 3095 299 3135 damnat:
340 3097 371 3136 si
399 3104 527 3137 autem
557 3098 687 3137 anima
715 3097 789 3137 hoc
819 3106 877 3138 est
902 3099 1007 3151 quod

122 3148 246 3193 Deus,
275 3163 316 3189 se
344 3151 669 3191 damnat.--Ideo
699 3165 789 3206 pars
821 3152 899 3191 Dei
929 3166 1008 3192 non

120 3213 221 3247 sum,
253 3203 346 3254 quia
375 3205 590 3244 substantia
625 3205 718 3254 Dei,
745 3213 884 3245 natura
916 3206 1006 3254 Dei,

120 3266 245 3294 errare
255 3268 332 3295 non
344 3265 468 3311 potest
478 3259 642 3299 z—sicut
652 3267 692 3299 tu
705 3261 786 3314 ipse
798 3261 1006 3307 confiteris,

120 3319 330 3349 erraveras.
386 3311 590 3352 Erraverat
613 3327 703 3367 ergo
730 3321 869 3353 natura
898 3315 1006 3355 Dei‘!

123 3362 227 3401 Ierat
241 3362 279 3401 in
293 3362 573 3405 immunditiam
588 3375 728 3406 natura
743 3368 848 3408 Dei?
880 3369 1007 3408 Adul-

121 3416 214 3454 teria
242 3417 504 3459 committebat
527 3427 665 3460 natura
695 3421 801 3462 Dei'!
863 3422 1008 3476 Stupra

120 3468 257 3508 illicita
285 3470 453 3510 faciebat
479 3479 618 3513 natura
647 3475 750 3514 Dei?
787 3476 909 3515 Caeca
938 3489 1005 3516 ne-

119 3523 268 3563 sciebat
300 3537 379 3576 qua
405 3525 478 3565 iret
507 3534 645 3567 natura
674 3529 782 3568 Dei?
839 3529 1005 3570 Facino-

120 3576 227 3616 ribus
244 3585 283 3617 et
300 3578 452 3630 flagitiis
478 3580 714 3621 obruebatur
739 3590 879 3622 natura
898 3584 1005 3623 Dei'!

123 3631 336 3676 Erubesce.
352 3633 403 3671 da
422 3633 607 3673 honorem
625 3636 724 3675 Deo.
758 3639 864 3690 Aug.
882 3637 1007 3677 Serm.

124 3686 214 3724 183.
273 3687 367 3726 Ideo
394 3699 472 3726 non
494 3694 553 3726 est
574 3689 809 3730 credendum
836 3691 1006 3730 animam

121 3745 288 3778 nostram
309 3740 382 3780 hoc
400 3753 482 3781 esse
499 3742 604 3794 quod
624 3742 735 3783 Deus
751 3750 809 3784 est
826 3760 835 3784 ε
866 3744 960 3798 quia
976 3745 1009 3785 si

121 3791 194 3832 hoc
221 3802 333 3843 esset,
354 3807 426 3835 nec
454 3807 524 3835 sua
552 3795 764 3845 voluntate,
784 3811 857 3838 nec
875 3798 1010 3852 aliqua

1065 2396 1291 2436 necessitate
1325 2397 1363 2436 in
1397 2398 1565 2438 deterius
1592 2405 1820 2438 mutaretur.
1856 2399 1963 2451 Aug.

1064 2451 1112 2489 de
1131 2463 1254 2502 agone
1275 2451 1510 2498 Christiano,
1532 2466 1568 2492 c.
1594 2454 1658 2492 10.
1700 2454 1794 2492 Non
1813 2452 1854 2491 in
1874 2460 1963 2492 tan·

1064 2511 1144 2542 tam
1173 2505 1457 2558 blasphemiam
1489 2507 1687 2553 caderent,
1718 2507 1893 2560 putando
1921 2519 1962 2546 se

1066 2571 1146 2597 esse
1185 2565 1364 2598 naturam
1409 2567 1449 2598 et
1489 2561 1748 2599 substantiam
1797 2561 1887 2600 Dei.
1924 2574 1962 2601 c.

1064 2613 1198 2652 Faust.
1218 2613 1286 2652 xii.
1309 2615 1372 2653 13.
1436 2614 1595 2653 Animas
1626 2628 1704 2653 non
1730 2614 1857 2654 solum
1890 2615 1961 2654 ho-

1062 2666 1210 2706 minum
1242 2668 1310 2706 sed
1333 2667 1447 2706 etiam
1479 2681 1681 2720 pecorum,
1701 2668 1749 2707 de
1772 2668 1850 2707 Dei
1877 2682 1961 2709 esse

1060 2721 1291 2768 substantia,
1310 2729 1349 2761 et
1364 2722 1524 2761 omnino
1544 2729 1671 2776 partes
1692 2722 1770 2762 Dei
1798 2735 1880 2762 esse
1899 2735 1961 2762 ar-

1061 2774 1266 2814 bitrantur.
1314 2776 1420 2828 Aug.
1460 2778 1537 2830 Ep.
1576 2778 1673 2816 236.
1708 2778 1758 2815 ad
1797 2777 1961 2817 Denter.

1066 2828 1185 2867 Illum
1215 2831 1409 2882 quomodo
1438 2830 1547 2869 video
1580 2843 1790 2884 pauperem
1823 2830 1960 2884 spiritu

1065 2882 1192 2936 [quod
1223 2885 1457 2937 jactitabant
1493 2885 1730 2936 Manichaei]
1775 2885 1842 2938 qui
1878 2892 1959 2925 tam

1062 2938 1252 2989 superbus
1270 2947 1328 2977 est
1347 2946 1388 2977 ut
1407 2938 1575 2977 animam
1596 2952 1706 2978 suam
1729 2940 1857 2978 Deum
1875 2953 1959 2979 cre-

1062 2992 1128 3030 dat
1146 3005 1215 3031 nec
1227 2993 1421 3045 captivum
1433 2994 1659 3032 erubescat?
1679 3007 1715 3032 c.
1728 2993 1911 3032 Faust.vi.
1921 2995 1958 3033 7.

1114 3050 1135 3082 8
1157 3046 1324 3098 (Anima
1344 3047 1470 3095 bona)
1490 3060 1609 3100 quam
1630 3047 1707 3086 Dei
1726 3055 1874 3100 partem
1901 3055 1958 3086 at-

1061 3113 1138 3152 que
1158 3107 1336 3139 naturam
1357 3102 1534 3141 universo
1547 3103 1709 3148 mundo,
1727 3109 1765 3141 et
1776 3101 1959 3142 omnibus

1061 3167 1150 3206 quae
1171 3154 1211 3193 in
1230 3167 1276 3194 eo
1290 3155 1588 3208 sunt,opinatur
1601 3168 1682 3195 esse
1702 3155 1954 3208 permixtam;

1062 3208 1101 3246 in
1131 3208 1290 3248 homine
1327 3216 1457 3248 autem
1494 3222 1563 3262 per
1597 3209 1958 3262 concupiscentiam

1061 3262 1201 3316 decipi.
1271 3264 1405 3310 Quam
1443 3263 1816 3316 concupiscentiam,
1852 3264 1959 3314 quod

1061 3328 1166 3369 saepe
1192 3316 1474 3356 inculcandum
1503 3324 1575 3364 est,
1596 3330 1675 3356 non
1701 3316 1837 3356 vitium
1865 3317 1959 3356 sub-

1060 3370 1210 3409 stantiae
1235 3371 1365 3414 bonae.
1383 3372 1451 3411 sed
1477 3371 1622 3409 malam
1651 3370 1735 3409 vult
1760 3383 1842 3410 esse
1866 3371 1960 3410 sub-

1061 3424 1256 3463 stantiam.
1285 3425 1394 3476 Aug.
1416 3426 1496 3478 Op.
1517 3426 1621 3477 Imp.
1640 3424 1695 3462 iii.
1717 3425 1808 3463 186.
1860 3424 1957 3464 Pec-

1060 3486 1235 3517 catorum
1282 3478 1468 3530 originem
1506 3491 1584 3517 non
1631 3478 1754 3517 libero
1799 3478 1959 3518 arbitrio

1059 3531 1284 3579 voluntatis,
1301 3533 1368 3571 sed
1387 3532 1613 3571 substantiae
1637 3531 1815 3571 tribuunt
1833 3532 1959 3585 gentis

1060 3585 1262 3624 adversae:
1298 3598 1417 3637 quam
1445 3585 1752 3638 dogmatizantes
1777 3598 1860 3626 esse
1886 3586 1958 3626 bo-

1061 3638 1233 3678 minibus
1269 3638 1433 3678 mixtam
1471 3652 1627 3679 omnem
1666 3651 1840 3685 carnem,
1879 3653 1958 3680 non

1063 3692 1156 3739 Dei,
1175 3693 1242 3732 sed
1260 3693 1376 3732 malae
1396 3692 1534 3733 mentis
1552 3693 1759 3747 perhibent
1773 3707 1855 3734 esee
1871 3694 1957 3747 opi-

1062 3745 1209 3794 ficium,
1237 3759 1327 3799 quoe
1361 3748 1386 3786 a
1416 3748 1610 3787 contrario
1640 3747 1832 3802 principio
1867 3749 1957 3789 Deo

1064 3806 1256 3841 coaeterna
1274 3807 1344 3841 est.
1372 3801 1462 3842 adv.
1486 3801 1591 3842 Haer.
