2378 4134
865 233 1262 288 MoNiTUM.
1945 234 2000 287 ix
2074 203 2079 210 ”

149 387 440 459 saepissime
464 401 594 437 vero
620 400 709 435 eas
740 380 1003 434 lectiones
1039 378 1259 441 habent,
1289 394 1424 448 quas
1453 377 1817 444 Benedictini,
1845 386 2001 432 tanto

149 477 484 552 supellectile
518 475 736 539 muniti,
766 475 820 527 in
849 479 884 503 “
916 471 1075 526 codd.
1115 469 1540 542 antiquissimis”
1566 470 1655 524 vel
1684 478 1720 501 “
1749 470 2003 543 optimis”

147 578 358 624 exstare
382 569 564 622 testati
591 574 737 621 sunt.

221 665 362 716 Cum
415 662 588 716 Codd.
640 680 773 733 ergo
816 661 985 723 ABC,
1032 677 1168 731 quos
1220 675 1317 729 per
1368 656 1807 710 benevolentiam
1857 657 2003 710 Prae-

149 756 413 810 sectorum
459 763 514 808 et
553 755 835 808 Sociorum
875 750 1089 822 Colleg.
1121 748 1494 802 Mertonensis
1543 757 1598 802 et
1637 748 1800 802 AEnei
1850 748 2002 813 Nasi‚

149 849 284 900 mihi
322 848 471 901 domi
505 849 705 901 habere
739 847 916 910 licuit,
945 845 1243 898 amicorum
1276 843 1564 915 juniorum
1601 861 1704 915 ope
1739 842 2003 906 adhibita,

148 950 358 995 textum
399 941 819 995 Confessionum
860 960 892 994 a
931 940 1106 1011 capite
1159 937 1227 991 ad
1279 937 1484 991 calcem
1538 937 1783 1000 contuli;
1843 937 2004 991 codd.

149 1053 278 1087 vero
315 1035 441 1101 DE,
476 1054 611 1106 quos
649 1054 759 1087 non
798 1034 902 1086 nisi
942 1033 996 1085 in
1035 1030 1380 1085 Bibliotheca
1417 1030 1721 1083 Bodleiana
1756 1030 2006 1084 conferre

148 1127 320 1192 licuit,
349 1137 636 1200 postquam
673 1147 861 1182 eorum
900 1126 1135 1180 indolem
1174 1126 1303 1178 satis
1331 1124 1750 1196 exploraverim,
1781 1125 1845 1177 iis
1881 1132 2004 1178 tan-

149 1230 266 1274 tum
294 1223 348 1274 in
376 1222 528 1287 locis,
556 1221 702 1275 haud
729 1221 915 1293 paucis
942 1238 1089 1284 sane,
1118 1219 1350 1289 inspexi,
1373 1218 1466 1270 ubi
1493 1216 1652 1271 codd.
1672 1218 1791 1290 jam
1819 1217 2005 1271 collati

151 1316 293 1368 inter
326 1334 381 1368 se
409 1315 800 1386 discreparant.
879 1313 1051 1367 Lectt.
1080 1328 1244 1382 porro
1271 1310 1430 1362 Varr.
1459 1311 1686 1363 minoris
1726 1329 1888 1382 saepe,
1915 1310 2005 1364 vel

150 1407 355 1460 nullius
394 1407 524 1471 fere,
552 1406 814 1459 momenti
854 1404 1057 1467 notavi,
1086 1421 1195 1474 quo
1235 1402 1393 1456 codd.
1434 1410 1748 1456 nostrorum
1790 1402 2005 1456 indoles

149 1498 344 1551 melius
364 1499 757 1559 innotesceret;
797 1497 1083 1550 verborum
1113 1502 1289 1548 autem
1314 1493 1583 1558 ordinem,
1602 1512 1765 1565 quem
1789 1495 2006 1566 Augus·

148 1591 294 1643 tinus
346 1588 596 1642 subtilem
649 1596 704 1641 et
752 1588 1004 1640 limatum
1050 1588 1320 1659 imprimis
1373 1586 1616 1651 adhibet,
1668 1594 1859 1658 utpote
1911 1589 2006 1659 qui

149 1683 363 1735 Rhetor
401 1681 532 1734 olim
572 1680 737 1733 fuerit
775 1687 829 1732 et
857 1684 891 1710 “
915 1680 1087 1732 acutis
1126 1677 1378 1732 auribus”
1405 1678 1686 1749 praeditus,
1723 1681 1906 1745 tacite,
1936 1699 2006 1734 ne

148 1775 310 1828 taedio
338 1775 478 1827 foret
503 1774 693 1828 crebra
726 1772 924 1825 harum
961 1772 1318 1824 minutiarum
1357 1771 1655 1837 adnotatio,
1686 1772 1755 1825 ad
1791 1791 2005 1827 eorum-

148 1869 274 1922 dem
312 1869 478 1921 fidem
525 1868 829 1920 immutavi.
900 1866 1197 1919 Immutavi
1241 1874 1444 1929 autem,
1493 1885 1635 1930 cum,
1679 1868 1780 1919 etsi
1825 1868 2004 1920 minu-

148 1971 266 2015 tum
299 1964 385 2026 sit,
416 1982 575 2014 suum
609 1970 795 2015 tamen
833 1961 1031 2013 habeat
1069 1960 1334 2031 leporem.
1413 1959 1595 2031 Opere
1622 1980 1752 2014 vero
1779 1963 1898 2033 jam
1935 1963 2003 2016 ad

147 2055 311 2108 finem
341 2053 624 2125 perducto,
652 2053 847 2105 merita
873 2052 1126 2105 editionis
1157 2052 1534 2105 Benedictinae
1573 2052 1709 2106 adeo
1745 2073 1856 2107 non
1896 2055 2004 2108 ele-

146 2164 274 2198 vare
323 2146 542 2209 vellem,
595 2154 656 2197 ut
705 2163 972 2215 nequeam
1025 2163 1135 2197 non
1187 2144 1447 2197 admirari
1500 2164 1769 2197 summam
1815 2145 2002 2211 fidem,

145 2237 506 2308 diligentiam,
547 2256 794 2300 acumen,
836 2255 956 2308 quae
995 2237 1051 2288 in
1093 2253 1157 2288 ea
1197 2235 1594 2301 concinnanda,
1634 2237 2005 2293 adhibuerunt

148 2329 409 2383 Monachi
438 2329 829 2383 Benedictini‘.

221 2423 471 2487 NotulaS,
513 2442 646 2494 quas
684 2423 858 2476 textui
898 2422 1246 2494 subjecimUS,
1287 2422 1448 2475 utiles
1488 2423 1604 2477 fore
1643 2426 2000 2496 speravimuS‚

148 2515 293 2585 quod
346 2517 637 2586 Augustini
682 2523 925 2568 mentem
977 2515 1206 2567 subinde
1252 2515 1468 2586 plenius
1513 2516 1874 2583 declararent,
1914 2520 2003 2573 vel

149 2625 263 2659 rein
293 2606 549 2676 aliquam,
569 2625 731 2677 quam
749 2607 806 2658 in
825 2606 1271 2658 Confessionibus
1299 2607 1474 2658 obiter
1500 2614 1716 2659 tantum
1738 2611 2001 2681 tetigerit,

150 2699 455 2768 expressius
480 2706 797 2763 tractarent,
825 2698 912 2750 vel
948 2717 1014 2750 ex
1047 2698 1154 2751 alia
1191 2698 1427 2769 quadam
1467 2709 1623 2770 parte
1662 2710 1789 2755 ante
1816 2705 2002 2759 oculos

149 2793 418 2845 sisterent.
496 2792 604 2844 Eas
642 2799 825 2844 autem
865 2811 930 2845 ex
970 2792 1208 2845 editione
1236 2794 1316 2845 M.
1350 2793 1560 2846 Dubois
1602 2796 1796 2862 (Paris.
1829 2799 1998 2870 1776)

148 2885 441 2937 maximam
481 2892 690 2956 partem
731 2883 1046 2955 desumptas
1086 2903 1221 2949 esse,
1261 2885 1379 2956 jam
1420 2885 1690 2951 diximus3
1734 2891 1999 2960 quasdam

147 2978 248 3047 ipsi
275 2978 590 3050 adjecimus,
618 2978 874 3041 maxime,
903 2997 1024 3050 quae
1051 2978 1119 3031 ad
1149 2978 1582 3033 Manichaeorum
1621 2982 1853 3036 haeresin
1880 3005 2001 3056 per-

147 3071 342 3123 tinent.
420 3071 635 3142 Ubique
670 3078 852 3123 autem
893 3071 1005 3124 fere
1031 3072 1198 3124 verba
1221 3072 1391 3142 ipsius
1418 3074 1714 3144 Augustini
1753 3078 2000 3132 adhibui-

149 3183 288 3227 muS,
316 3172 432 3216 tum
462 3183 530 3217 ne
556 3172 743 3217 nostra
767 3184 892 3218 cum
919 3165 1089 3236 ipsius
1113 3166 1396 3218 sententiis
1416 3168 1645 3221 miscere
1673 3171 1997 3240 quibusdam

149 3255 476 3318 videremur,
496 3264 613 3308 tum
635 3275 765 3309 vero
786 3256 929 3327 quod
959 3257 1074 3328 ipse
1100 3275 1289 3310 sensus
1310 3277 1434 3311 suos
1461 3260 1636 3331 magis
1658 3262 1837 3315 vivide
1858 3273 2000 3317 esset

205 3474 223 3496 θ
253 3468 429 3509 Iudicem
464 3484 590 3511 rerum
636 3472 768 3511 itidem
812 3485 862 3511 ex
901 3471 1041 3511 Indice
1096 3485 1233 3511 sanum
1255 3473 1398 3525 ubique
1414 3472 1609 3526 judicium
1627 3476 1997 3531 exercueiit,pauca

151 3523 409 3563 Benedictino
455 3526 649 3578 excerpsit
692 3526 867 3566 Clericus
909 3526 1041 3578 junior
1094 3527 1293 3579 quaedam,
1315 3527 1443 3566 minus
1473 3534 1577 3565 recte
1607 3529 1746 3580 posita,
1770 3535 1994 3580 correxerit,

148 3579 385 3631 optimaeque
417 3579 500 3631 spei
528 3579 568 3619 J.
594 3579 647 3619 A.
675 3580 902 3627 Ashworth,
932 3580 1039 3619 A.B.
1094 3581 1170 3620 alia
1190 3581 1306 3621 etiam
1326 3581 1375 3620 de
1394 3594 1464 3620 suo
1483 3579 1688 3622 addiderit.

152 3633 266 3671 AEdis
295 3631 439 3671 Christi
473 3633 729 3685 Capellanus,
759 3633 814 3673 ita
841 3641 973 3674 tamen
996 3641 1038 3673 ut
