2378 4134
515 247 1124 303 CONFESSIONUM
1163 246 1407 300 LIBER
1444 246 1491 299 1.
1877 250 1939 299 11

81 380 403 452 cupiditates
437 379 670 449 copiosae
705 379 905 448 inopiae
929 385 984 431 et
1015 377 1390 447 ignominiosae
1426 376 1623 445 gloriae.
1698 378 1787 431 Tu
1818 394 1943 430 vero

81 468 169 520 cui
207 465 468 519 numerati
511 472 636 517 sunt
678 465 862 534 capilli
906 463 1100 534 capitis
1137 462 1322 527 nostri,
1357 479 1530 515 errore
1568 462 1808 515 omnium
1848 463 1942 533 qui
1957 468 2066 562 ἔξω.
2080 469 2145 518 10,

80 552 214 604 mihi
264 552 538 603 instabant
585 557 646 602 ut
695 548 973 614 discerem,
1015 548 1254 601 utebaris
1293 546 1364 600 ad
1406 547 1690 600 utilitatem
1733 565 1942 612 meam3
2013 552 2026 564 ⁰

78 654 197 688 meo
233 644 429 699 autem,
457 634 551 704 qui
586 634 790 687 discere
824 635 1094 700 nolebam,
1118 633 1356 686 utebaris
1392 632 1462 685 ad
1495 650 1716 702 poenam
1748 651 1943 698 meam,

79 740 187 791 qua
209 720 376 790 plecti
401 738 510 771 non
537 738 680 785 eram
705 719 961 787 indignus
985 719 1229 772 tantillus
1253 737 1389 788 puer
1405 725 1460 771 et
1477 725 1656 770 tantus
1674 725 1941 787 peccator.

78 807 166 858 Ita
201 804 267 856 de
305 823 414 858 non
457 806 595 856 bene
638 805 961 857 facientibus
1005 811 1066 856 tu
1108 807 1247 857 bene
1286 804 1526 856 faciebas
1565 803 1734 868 mihi3
1784 811 1839 857 et
1875 803 1941 856 de

76 897 336 959 peccante
360 889 566 958 meipso
595 889 741 959 juste
767 890 1098 942 retribuebas
1123 889 1273 940 mihi.
1349 891 1386 942 J
1387 889 1569 940 ussisti
1595 888 1757 954 enim,
1785 898 1839 942 et
1862 890 1940 942 sic

77 983 175 1040 est,
199 984 260 1028 ut
282 992 447 1044 poena
473 993 570 1026 sua
595 974 700 1027 sibi
727 975 798 1027 sit
822 975 996 1028 omnis
1022 974 1356 1028 inordinatus
1383 975 1610 1027 animus.

149 1065 234 1112 20.
275 1058 422 1119 Quid
465 1066 642 1112 autem
686 1068 798 1112 erat
831 1078 1006 1112 causae
1053 1078 1146 1112 cur
1189 1061 1412 1113 Graecas
1450 1060 1655 1113 litteras
1705 1059 1939 1126 oderam,
1983 1066 2114 1128 XJII·

77 1146 274 1215 quibus
318 1146 574 1213 puerulus
611 1145 907 1210 imbuebar,
944 1164 1012 1197 ne
1050 1163 1194 1197 nunc
1239 1145 1458 1214 quidem
1495 1145 1630 1197 mihi
1676 1145 1805 1198 satis
1844 1122 2115 1215 611-ἓὲἆῖζὸ

74 1232 340 1301 ploratum
379 1239 474 1283 est.
551 1230 938 1283 Adamaveram
975 1231 1117 1283 enim
1163 1230 1404 1294 LatinaS,
1449 1248 1559 1283 non
1604 1249 1739 1300 quas
1778 1232 1939 1300 primi
1954 1230 2129 1324 Ρθῒῐὲὓὶῑε

75 1316 333 1384 magistri,
373 1314 467 1367 sed
511 1334 646 1385 quas
692 1315 888 1368 docent
931 1316 1024 1384 qui
1069 1315 1400 1382 grammatici
1444 1323 1718 1368 vocantur.
1794 1317 1938 1368 Nam
1954 1297 2110 1379 ᾎἙΞῘῙ

74 1401 196 1453 illas
232 1401 432 1470 primas
466 1401 559 1452 ubi
594 1403 772 1467 legere
810 1409 863 1452 et
897 1400 1128 1452 scribere
1165 1407 1218 1451 et
1252 1418 1528 1452 numerare
1563 1399 1802 1466 discitur,
1827 1420 1937 1453 non
1954 1400 2077 1434 “²⁰¹³-

74 1485 250 1538 minus
285 1503 535 1537 onerosas
567 1486 916 1554 poenalesque
946 1485 1234 1548 habebam,
1274 1503 1436 1554 quam
1471 1503 1657 1538 omnes
1692 1486 1935 1539 Graecas,

76 1569 235 1622 Unde
263 1578 438 1622 tamen
466 1578 519 1622 et
541 1570 646 1623 hoc
673 1569 777 1620 nisi
805 1569 870 1621 de
895 1578 1120 1639 peccato
1159 1578 1213 1622 et
1245 1570 1480 1623 vanitate
1512 1571 1654 1635 vitae,
1676 1590 1783 1642 qua
1808 1590 1936 1623 caro

71 1673 221 1706 eram
239 1653 280 1719 ¹⁸,
309 1662 362 1706 et
395 1657 623 1722 spiritus
660 1654 947 1706 ambulans
972 1661 1025 1706 et
1050 1673 1156 1706 ozon
1183 1662 1452 1708 revertens
1474 1654 1501 1705 ‚9
1569 1657 1713 1708 Nam
1750 1657 1935 1726 utique
1952 1669 2020 1710 Ps.
2039 1671 2108 1718 77,

71 1740 333 1804 melioreS,
363 1741 490 1809 quia
515 1740 763 1793 certiores
789 1749 938 1792 erant
962 1740 1147 1809 primae
1174 1741 1282 1792 illae
1309 1741 1517 1806 litterae,
1545 1742 1744 1812 quibus
1770 1742 1936 1796 fiebat
1948 1725 2135 1820 :igisssen

71 1825 128 1876 in
152 1844 255 1888 me,
281 1834 334 1878 et
357 1827 555 1878 factum
582 1832 680 1891 est,
707 1834 759 1878 et
783 1826 957 1877 habeo
983 1825 1119 1877 illud
1153 1834 1213 1878 ut
1244 1834 1298 1879 et
1328 1828 1506 1895 legam
1534 1828 1579 1879 si
1608 1827 1740 1897 quid
1765 1828 1932 1898 scrip-
1949 1833 2030 1873 vid.
2051 1835 2126 1874 Sa-

71 1918 182 1962 tmn
207 1911 440 1974 invenio,
468 1919 521 1963 et
545 1912 775 1964 scribam
813 1911 930 1980 ipse
969 1911 1013 1962 si
1054 1911 1186 1981 quid
1219 1914 1360 1977 v010,
1389 1932 1549 1983 quam
1585 1914 1695 1965 illae
1735 1915 1932 1984 quibus
1948 1888 2030 1929 bat.

71 2003 246 2048 tenere
285 1998 515 2064 cogebar
550 1998 738 2048 AEneae
782 1997 966 2050 nescio
1009 1996 1162 2067 cujus
1202 2017 1419 2064 errores,
1459 2001 1658 2052 oblitus
1697 2018 1932 2052 errorum

70 2098 340 2145 meorum;
398 2090 451 2134 et
486 2083 695 2152 plorare
733 2082 1006 2134 Didonem
1042 2091 1323 2149 mortuam,
1363 2085 1493 2154 quia
1530 2103 1586 2137 se
1625 2085 1825 2139 occidit
1862 2088 1931 2138 ob

68 2183 318 2230 amorem,
347 2184 468 2219 cum
503 2166 707 2219 interea
743 2168 1009 2236 meipsum
1045 2168 1101 2218 in
1138 2169 1226 2220 his
1264 2188 1296 2221 a
1333 2177 1385 2221 te
1421 2171 1752 2236 morientem,
1779 2173 1931 2224 Deus

67 2250 176 2303 vita
199 2269 335 2317 mea,
363 2251 522 2304 siccis
549 2252 719 2304 oculis
743 2253 932 2304 ferrem
956 2253 1297 2306 miserrimus.

140 2339 225 2386 21.
266 2336 411 2396 Quid
443 2337 585 2388 enim
618 2338 863 2389 miserius
897 2338 1091 2389 misero
1125 2357 1234 2390 non
1271 2339 1555 2392 miserante
1594 2342 1850 2411 seipsum,
1878 2352 1931 2396 et

67 2423 226 2474 flente
277 2423 509 2475 Didonis
553 2432 792 2489 mortem,
840 2444 961 2494 quae
1012 2426 1179 2477 fiebat
1221 2427 1450 2479 amando
1501 2429 1761 2492 AEneam3
1818 2449 1928 2482 non

66 2507 225 2558 flente
262 2515 439 2560 autem
471 2517 694 2562 mortem
730 2529 897 2573 suam,
925 2529 1046 2579 quae
1074 2511 1240 2563 fiebat
1275 2530 1385 2562 non
1422 2513 1652 2565 amando
1679 2522 1747 2579 te,
1774 2516 1928 2568 Deus

66 2592 244 2643 lumen
285 2593 459 2644 cordis
498 2594 621 2657 mei,
649 2602 702 2646 et
733 2595 891 2663 panis
932 2595 1039 2647 oris
1075 2596 1221 2648 intus
1259 2598 1451 2649 animae
1492 2616 1644 2662 meae,
1677 2607 1730 2651 et
1761 2601 1929 2653 virtus

65 2676 318 2728 maritans
351 2686 582 2729 mentem
619 2696 793 2730 meam
813 2687 844 2708 ¹¹³
883 2687 936 2731 et
975 2680 1150 2731 sinum
1189 2682 1530 2748 cogitationis
1567 2684 1739 2737 meae?
1800 2688 1927 2740 Non

65 2767 117 2812 te
143 2764 404 2826 amabam,
426 2771 478 2815 et
495 2763 797 2815 fornicabar
822 2765 918 2815 abs
944 2772 1013 2828 te,
1033 2773 1086 2817 et
1109 2766 1393 2819 fornicanti
1420 2770 1646 2821 sonabat
1669 2770 1928 2840 undique,

63 2846 238 2913 Euge,
265 2865 416 2914 euge.
492 2848 746 2900 Amicitia
780 2849 923 2900 enim
956 2849 1141 2902 mundi
1177 2850 1359 2921 hujUS,
1394 2853 1677 2906 fornicatio
1716 2865 1798 2908 est
1830 2858 1927 2909 abs

64 2938 116 2982 te
137 2937 194 2993 '¹3
246 2940 299 2984 et
335 2934 510 3000 Euge,
537 2951 672 3001 euge
712 2933 924 2999 dicitur,
962 2943 1021 2987 ut
1057 2935 1260 3004 pudeat
1296 2937 1340 2988 si
1378 2956 1488 2988 non
1526 2938 1602 2991 ita
1635 2940 1799 2993 homo
1839 2943 1923 2995 sit.

63 3016 139 3067 Et
161 3016 278 3069 haec
305 3035 414 3068 non
440 3019 654 3082 flebam,
683 3018 777 3070 sed
808 3020 1003 3071 flebam
1038 3020 1310 3073 Didonem
1338 3023 1370 3048 “
1398 3023 1737 3091 exstinctam,
1763 3027 1923 3079 ferro-

63 3100 96 3126 “
124 3118 228 3168 que
254 3109 493 3154 extrema
519 3105 832 3167 secuta1n⁰,''
860 3123 1090 3173 sequens
1127 3106 1245 3174 ipsc
1283 3115 1523 3160 extrema
1560 3109 1778 3164 condita
1814 3119 1922 3177 tua,

63 3184 247 3237 relicto
280 3192 351 3250 te,
377 3194 430 3238 et
455 3186 625 3240 terra*
662 3188 779 3240 iens
804 3189 862 3239 in
889 3197 1080 3242 terram
1101 3210 1112 3242 :
1153 3199 1207 3243 et
1232 3192 1277 3242 si
1303 3193 1615 3262 prohiberer
1640 3213 1705 3247 ea
1727 3197 1920 3263 legere,

64 3265 314 3333 dolerem,
354 3271 482 3340 quia
518 3290 628 3324 non
670 3274 903 3340 legerem
945 3274 1091 3344 quod
1131 3275 1379 3328 dolerem.
1457 3279 1610 3331 Talis
1653 3279 1922 3335 dementia

92 3509 101 3517 ·
118 3460 150 3482 ¹¹¹
184 3456 448 3511 Subjugemus
463 3463 575 3504 nobis
598 3463 911 3515 hancfoeminam
931 3464 963 3505 si
1017 3464 1090 3504 lari
1106 3465 1228 3515 bono,
1238 3465 1279 3506 in
1297 3466 1408 3507 istam
1428 3468 1717 3509 multitudinem
1734 3470 1916 3526 volupta-

64 3524 136 3549 vm
163 3524 298 3551 sumus
314 3527 591 3568 :—sequamur
611 3518 810 3558 Christum
841 3526 962 3573 caput
1018 3526 1115 3565 tum,
1134 3519 1175 3559 in
1201 3533 1372 3561 amorem
1392 3523 1527 3562 saeculi
1547 3523 1916 3579 corruptionemque

62 3570 251 3614 nostrum,
282 3573 326 3606 ut
358 3574 398 3607 et
430 3581 500 3609 nos
525 3578 709 3625 sequatur
738 3572 803 3612 cui
832 3580 952 3627 caput
1005 3574 1639 3622 terrenam,fornicariestaDeo.
1667 3578 1912 3633 Aug.Serm.

61 3631 210 3679 sumus.
270 3620 372 3674 Aug.
399 3621 449 3662 de
476 3636 568 3664 vera
595 3625 706 3679 relig.
730 3639 767 3665 c.
785 3628 853 3666 41.
871 3627 952 3668 vid.
1012 3628 1103 3667 142.
1122 3641 1160 3667 c.
1180 3629 1221 3666 2.

62 3671 132 3711 inf.
153 3673 182 3711 1.
204 3673 290 3714 xiii.
311 3688 346 3714 c.
367 3676 433 3714 32.
1061 3686 1082 3706 ⁰
1113 3681 1273 3723 AEneid.
1295 3683 1346 3723 vi.
1367 3685 1462 3725 456.

116 3729 137 3753 ¹¹
169 3726 365 3770 Recedere
394 3730 443 3770 ab
473 3729 542 3770 illo
569 3730 732 3786 simplici
760 3740 798 3774 et
821 3734 953 3788 singu-
