2378 4134
534 246 1139 308 CONFESSIONUM
1179 246 1417 301 LIBER
1454 245 1550 298 IV.
1897 244 1967 295 49

116 395 230 440 tum
256 385 434 439 adhuc
466 384 790 446 inveneram,
828 400 936 453 quo
967 381 1102 435 mihi
1135 379 1250 432 sine
1288 375 1639 443 ambiguitate
1677 380 1975 443 appareret,

117 492 238 544 quae
269 473 336 525 ab
371 471 451 523 eis
489 468 749 523 consultis
785 486 910 521 vera
935 467 1252 530 dicerentur,
1276 462 1411 515 forte
1435 461 1521 512 vel
1548 466 1705 523 sorte,
1729 477 1839 510 non
1865 465 1976 511 arte

113 558 479 627 inspectorum
504 554 736 606 siderum
762 552 886 605 dici.

188 649 237 694 7.
277 643 345 693 In
382 640 491 692 illis
534 638 706 702 anniS,
745 656 853 707 quo
886 637 1120 705 primum
1159 641 1400 702 tempore
1436 632 1494 683 in
1526 629 1824 698 municipio
1867 647 1974 698 quo
1990 630 2121 724 Minxiw'
2140 696 2179 724 m

115 734 272 780 natus
298 744 414 778 sum
442 724 632 777 docere
660 741 947 791 coeperam‚
983 736 1414 789 comparaveram
1449 716 1683 769 amicum
1718 714 1973 766 societate
1991 749 2030 779 et
2048 699 2148 792 bafss

116 812 411 865 studiorum
434 809 594 861 nimis
622 809 861 872 charum,
889 823 1129 860 coaevum
1162 804 1296 856 mihi
1332 810 1386 855 et
1426 803 1809 855 conflorentem
1846 801 1976 852 flore
1991 803 2151 888 ζ’ξῃῐΐεῑέω

117 896 507 952 adolescentiae.
583 896 806 947 Mecum
842 912 976 963 puer
1013 899 1266 955 creverat,
1306 898 1360 943 et
1395 890 1595 959 pariter
1633 888 1690 939 in
1736 887 1977 939 scholam
1997 910 2143 948 narrat,

116 985 363 1046 ieramUS,
388 981 693 1050 pariterque
717 981 1030 1032 luseramus.
1109 977 1219 1030 Sed
1242 975 1484 1028 nondum
1511 981 1624 1026 erat
1650 973 1728 1026 sic
1756 971 2115 1052 amicUS,{¹J}{ffi

117 1086 424 1140 quanquam
448 1085 516 1118 ne
542 1073 671 1118 tunc
699 1064 917 1134 quidem
945 1063 1103 1116 sicuti
1139 1069 1221 1114 est
1253 1079 1378 1114 vera
1410 1059 1675 1123 amicitia3
1717 1058 1846 1128 quia
1869 1077 1980 1110 non
1997 1067 2077 1106 suis
2095 1080 2155 1107 er·

117 1160 199 1206 est
234 1171 373 1216 vera,
408 1151 512 1203 nisi
547 1169 669 1202 cum
710 1167 828 1201 eam
867 1156 926 1201 tu
964 1147 1269 1216 agglutinas
1313 1147 1452 1197 inter
1493 1145 1816 1197 inhaerentes
1861 1144 1980 1209 tibi,
1996 1122 2168 1216 ζξξζξῖἳέ

115 1240 386 1292 charitate
420 1238 630 1306 dq'ffusa
667 1237 728 1286 in
765 1234 1013 1286 cordibus
1043 1234 1240 1285 nostris
1269 1250 1374 1299 per
1415 1232 1687 1298 Spiritum
1729 1237 2080 1282 sanctumrat3
2115 1243 2181 1270 eo-

117 1326 212 1394 qui
236 1324 398 1375 datus
422 1329 502 1374 est
525 1321 688 1373 nobis‘.
767 1319 875 1372 Sed
912 1326 1092 1371 tamen
1118 1316 1291 1369 dulcis
1318 1324 1430 1368 erat
1453 1316 1633 1379 nimis,
1662 1313 1851 1368 cocta*
1880 1316 1980 1367 fer·
1996 1299 2119 1378 ἔξω

118 1427 241 1460 vore
267 1406 515 1476 parilium
542 1405 852 1457 studiorum.
930 1404 1074 1454 Nam
1101 1409 1155 1454 et
1179 1420 1212 1454 a
1236 1401 1344 1453 fide
1370 1419 1512 1464 vera,
1540 1419 1703 1470 quam
1727 1418 1838 1451 non
1866 1419 1980 1467 ger·
1997 1394 2168 1487 ἓῑὲὶῖὲῗῐῡν

118 1493 350 1546 manitus
377 1499 430 1543 et
452 1491 669 1559 penitus
697 1489 1009 1540 adolescens
1036 1488 1271 1551 tenebat,
1300 1486 1624 1538 deflexeram
1649 1503 1750 1553 ego
1777 1504 1900 1537 eum
1925 1504 1982 1536 1n
1999 1503 2148 1563 gravis-

121 1576 515 1647 superstitiosas
553 1575 776 1627 fabellas
812 1579 866 1625 et
898 1572 1248 1642 perniciosaS,
1281 1581 1501 1641 propter
1528 1587 1662 1640 quas
1687 1572 1984 1640 plangebat
1999 1571 2169 1651 {ffssbi-

118 1680 203 1714 me
241 1667 426 1714 mater.
501 1660 723 1711 Mecum
751 1657 867 1727 jam
906 1659 1115 1710 errabat
1151 1658 1209 1708 in
1247 1657 1427 1709 animo
1461 1656 1626 1709 homo
1660 1657 1770 1720 ille,
1796 1663 1850 1710 et
1872 1666 2048 1708 nonlis
2066 1666 2149 1706 effi-

119 1752 328 1816 poterat
354 1745 532 1798 anima
555 1763 676 1796 mea
701 1743 814 1795 sine
839 1743 951 1794 illo.
1010 1744 1086 1794 Et
1110 1760 1236 1794 ecce
1261 1748 1321 1793 tu
1346 1742 1633 1793 imminens
1659 1741 1816 1794 dorso
1842 1742 1981 1809 fugi-
1997 1733 2187 1815 ἓῗξζιῗθῗῑξ

120 1832 347 1884 tivorum
373 1838 600 1894 tuorum,
628 1832 779 1882 Deus
803 1831 1073 1880 ultionum
1091 1836 1144 1880 et
1163 1828 1281 1879 fons
1296 1827 1778 1880 misericordiarum
1806 1828 1982 1892 simul,
2001 1830 2109 1891 Bap7

123 1916 217 1987 qui
242 1913 541 1979 convertis*
571 1933 670 1966 nos
697 1913 766 1966 ad
790 1920 842 1966 te
867 1913 1016 1965 miris
1041 1912 1242 1976 modis3
1283 1931 1410 1964 ecce
1427 1912 1696 1964 abstulisti
1711 1912 1982 1964 hominem
2000 1892 2120 1988 ἓξὲξ
2147 1953 2169 1990 5

124 2001 190 2053 de
232 2001 336 2052 hac
380 2000 507 2063 vita,
551 2017 674 2051 cum
717 1998 811 2050 vix
855 1997 1183 2067 explevisset
1222 2016 1421 2049 annum
1462 1996 1519 2048 in
1563 1997 1802 2050 amicitia
1844 2016 1981 2062 mea,
1998 2005 2037 2043 5.
2174 1982 2185 1998 ⁹

124 2083 307 2138 suavi*
338 2084 471 2136 mihi
499 2102 658 2153 super
683 2102 868 2136 omnes
894 2084 1182 2136 suavitates
1206 2082 1352 2134 illius
1375 2083 1499 2134 vitae
1524 2101 1677 2135 meae.
2001 2070 2068 2162 fs·
2089 2072 2158 2117 93,

195 2173 244 2222 8.
288 2170 423 2226 Quis
448 2170 636 2221 laudes
662 2176 786 2221 tuas
810 2175 1094 2221 enumerat
1109 2187 1266 2233 unUS,
1285 2168 1343 2219 in
1359 2186 1415 2220 se
1430 2186 1539 2219 uno
1567 2186 1702 2237 quas
1728 2174 1984 2236 expertus
2003 2153 2069 2229 p⁰s,
2098 2192 2186 2237 105,

124 2254 242 2308 est?
298 2255 443 2315 Quid
488 2261 616 2307 tunc
659 2254 852 2317 fecisti,
886 2255 1037 2305 Deus
1079 2271 1248 2316 meuS,
1291 2261 1346 2304 et
1389 2271 1551 2322 quam
1591 2247 2040 2320 investigabilis2·

123 2340 339 2408 abyssus
349 2340 692 2409 judiciorum
721 2337 978 2391 tuorum?
1023 2339 1162 2391 Cum
1179 2337 1320 2390 enim
1337 2339 1604 2389 laboraret
1620 2338 1711 2388 ille
1727 2338 1984 2401 febribus,
2002 2350 2071 2389 Ps.
2091 2351 2159 2395 35.

115 2424 289 2493 jacuit
321 2425 413 2476 diu
451 2425 564 2476 sine
600 2442 760 2476 sensu
797 2424 856 2474 in
891 2423 1081 2475 sudore
1106 2423 1271 2474 letali.
1348 2424 1425 2474 Et
1450 2441 1572 2474 cum
1600 2423 1984 2490 desperaretur,
2001 2404 2038 2441 ⁷·

122 2511 431 2578 baptizatus
471 2517 552 2562 est
588 2510 856 2572 nescienS,
890 2527 976 2561 me
1012 2526 1122 2559 non
1157 2514 1393 2573 curante,
1431 2515 1485 2559 et
1522 2515 1882 2576 praesumente
1927 2508 1985 2560 id

126 2594 349 2646 retinere
374 2595 554 2663 potius
579 2595 810 2646 animam
841 2593 957 2662 ejus
995 2593 1142 2662 quod
1173 2612 1206 2644 a
1238 2612 1323 2644 me
1358 2600 1657 2662 acceperat,
1690 2611 1802 2644 non
1838 2593 1985 2662 quod

126 2679 184 2730 in
216 2679 504 2732 nescientis
541 2696 759 2748 corpore
798 2677 976 2729 fiebat.
1054 2679 1242 2744 Longe
1280 2684 1458 2729 autem
1492 2678 1646 2730 aliter
1679 2686 1819 2741 erat3
1858 2697 1984 2731 nam

126 2771 392 2816 recreatus
417 2770 498 2816 est
523 2771 575 2816 et
601 2764 779 2815 salvus
804 2763 992 2814 factus.
1070 2762 1371 2831 Statimque
1404 2769 1465 2814 ut
1497 2763 1728 2830 primum
1763 2782 1886 2815 cum
1920 2782 1984 2815 eo

125 2850 276 2919 loqui
299 2850 451 2919 potui
479 2849 650 2919 (potui
676 2856 853 2902 autem
877 2866 1007 2899 mox
1032 2855 1094 2899 ut
1116 2849 1206 2900 ille
1230 2850 1424 2917 potuit,
1445 2850 1662 2919 quando
1681 2868 1790 2900 non
1812 2850 1983 2901 disce-

129 2936 339 3000 debam,
366 2943 418 2988 et
442 2936 602 2988 nimis
626 2936 995 3005 pendebamus
1022 2954 1092 2987 ex
1116 2936 1387 3004 invicem),
1417 2938 1618 2990 tentavi
1654 2937 1799 3006 apud
1830 2938 1983 2989 illum

129 3021 359 3086 irridere,
394 3028 650 3091 tanquam
693 3028 745 3073 et
786 3021 879 3071 illo
916 3020 1161 3072 irrisuroh
1186 3040 1397 3074 mecum
1439 3022 1779 3091 Baptismum
1821 3041 1982 3092 quem

190 3175 210 3206 ¹¹
238 3177 487 3229 Baptismum
507 3177 611 3217 enim
631 3175 864 3225 Manichaei,
877 3175 1030 3229 (qualis
1087 3177 1207 3216 etiam
1228 3177 1424 3217 invisibile
1445 3178 1789 3217 Sacramentum.''
1820 3178 1928 3230 Aug.
1946 3191 1981 3217 c.

136 3236 228 3269 tunc
249 3230 434 3284 temporis
453 3238 535 3271 erat
555 3231 680 3284 Aug.)
707 3244 777 3285 pro
805 3230 930 3270 nihilo
959 3230 1029 3270 ha-
1084 3232 1124 3270 2.
1160 3233 1260 3285 Epp.
1295 3232 1434 3283 Pelag.
1464 3231 1492 3270 l.
1511 3232 1553 3271 ii.
1581 3244 1613 3270 c.
1636 3233 1675 3270 2.
1732 3237 1760 3254 “
1785 3232 1895 3277 Quid
1926 3232 1983 3270 eis

134 3283 328 3332 buerunt3
365 3290 405 3322 et
431 3284 522 3325 ideo
550 3285 679 3324 forsan
709 3286 810 3324 inter
837 3285 931 3330 alia,
954 3284 1029 3324 boc
1086 3285 1362 3338 [Pelagianis]
1390 3285 1565 3338 prodest,
1589 3283 1828 3339 baptismum
1857 3286 1981 3324 omni-

137 3344 219 3375 tum
240 3337 391 3388 insigne
411 3337 642 3378 miraculum
663 3338 788 3379 edidit
807 3340 934 3386 Deus,
951 3351 1029 3391 quo
1086 3339 1159 3377 bus
1177 3339 1363 3378 aetatibus
1383 3339 1646 3378 necessarium
1667 3338 1857 3384 confiteri,
1876 3340 1982 3391 quod

135 3403 242 3435 eum,
262 3391 326 3429 cui
350 3402 516 3431 munera
533 3398 645 3433 tanta
675 3393 715 3432 in
743 3393 925 3432 Ecclesia
955 3406 1027 3432 sua
1082 3392 1302 3431 Manichaei
1333 3392 1470 3431 dicunt
1498 3392 1539 3431 in
1563 3394 1670 3430 omni
1699 3399 1818 3432 aetate
1847 3406 1982 3447 super·

136 3443 375 3490 destinabat,
406 3444 457 3484 ad
485 3445 680 3486 meliorem
710 3453 881 3486 mentem
914 3459 1023 3485 revo·
1081 3446 1246 3485 fluum.”
1260 3446 1381 3485 ib.iv.
1394 3447 1433 3485 4.
1463 3447 1596 3484 “Non
1609 3445 1689 3483 illic
1703 3445 1832 3497 [apud
1847 3448 1981 3486 Mani·

137 3504 257 3537 caret.
315 3502 341 3520 “
365 3497 582 3537 Manichaei
602 3499 804 3540 lavacrum
823 3511 1027 3552 regenera-
1085 3499 1235 3552 chaeos]
1256 3499 1311 3538 ita
1332 3500 1523 3552 appellari
1553 3499 1872 3548 catechumenos,
1890 3508 1981 3541 tan-

137 3551 268 3599 tionis‚
291 3550 331 3590 id
360 3558 433 3597 est,
455 3564 596 3604 aquam
626 3554 770 3606 ipsam,
789 3553 926 3593 dicunt
944 3565 1028 3594 esse
1083 3565 1202 3605 quam
1235 3553 1466 3606 Baptismus
1491 3553 1729 3605 quandoque
1754 3553 1811 3592 eis
1837 3554 1981 3595 debea-

139 3605 390 3659 superfluam,
407 3618 479 3645 nec
494 3605 674 3658 prodesse
690 3605 854 3659 aliquid,
868 3607 1030 3661 profano
1086 3606 1190 3646 tur.''
1205 3606 1331 3646 c.litt.
1342 3607 1525 3646 Petil.iii.
1539 3608 1601 3646 17.
1632 3611 1657 3628 “
1675 3608 1924 3661 Baptismum
1942 3609 1983 3648 in

138 3659 254 3699 corde
303 3659 836 3700 contendunt-Manichaei
879 3661 1031 3701 visibile
1087 3672 1191 3712 aqua
1211 3659 1309 3699 nihil
1328 3660 1512 3713 cuiquam
1532 3660 1740 3715 perhibent
1767 3662 1907 3702 salutis
1926 3664 1983 3702 af-

140 3712 346 3755 destruunt
374 3713 628 3761 elementum,
660 3714 867 3767 Pelagiani
900 3721 1032 3756 autem
1089 3714 1212 3754 ferre:
1243 3727 1317 3755 nec
1338 3727 1574 3768 quemquam
1591 3728 1725 3757 eorum
1752 3729 1850 3770 quos
1876 3717 1982 3758 deci-

1047 3797 1080 3832 E
