2378 4134
411 201 482 250 94
890 199 945 254 S.
986 198 1434 254 AUGUSTINI
1475 200 1836 256 EPISCOPI

201 351 344 394 appre-
397 331 514 404 jam
541 348 629 385 me
654 330 888 386 audiens
914 331 1065 404 apud
1093 333 1506 402 Carthaginem,
1532 341 1588 389 et
1619 334 1804 388 medio
1835 333 1926 388 die
1956 333 2221 403 cogitaret
2250 335 2310 389 in

198 394 342 435 hendi-

403 418 519 472 foro
560 418 711 491 quod
747 420 1070 474 recitaturus
1109 427 1239 487 erat,
1272 419 1435 474 sicuti
1473 421 1719 476 exerceri
1757 422 2077 475 scholastici
2116 422 2309 491 solent,

406 508 582 562 sivisti
625 527 751 562 eum
797 509 1193 580 comprehendi
1239 512 1308 564 ab
1357 509 1612 564 aeditimis
1657 510 1761 564 fori
1810 518 2075 582 tanquam
2122 511 2310 565 furem.

407 597 537 649 Non
562 597 792 650 arbitror
818 596 982 650 aliam
1008 598 1079 650 ob
1108 615 1332 651 causam
1357 603 1411 650 te
1438 598 1771 668 permisisse,
1793 598 1951 651 Deus
1977 605 2178 663 noster,
2203 598 2314 652 nisi

404 690 467 738 ut
507 685 602 738 ille
639 686 741 738 vir¹
767 692 950 739 tantus
995 685 1208 740 futurus
1243 685 1363 757 jam
1406 686 1675 757 inciperet
1718 686 1947 754 discere,
1988 706 2156 759 quam
2198 706 2310 741 non

404 771 566 826 facile
607 773 667 825 in
713 771 1105 841 dignoscendis
1150 773 1332 826 causis
1376 773 1544 826 homo
1589 775 1658 827 ab
1703 775 1928 827 homine
1973 774 2314 828 damnandus

405 878 524 913 esse
550 860 835 913 temeraria
861 858 1194 913 credulitate.
1256 860 1481 931 Quippe
1509 867 1635 914 ante
1662 861 1902 915 tribunal
1929 861 2317 915 deambulabat

406 949 555 1001 solus
596 965 721 1002 cum
758 947 964 1000 tabulis
1004 966 1068 1000 ac
1110 947 1255 1012 stilo,
1284 966 1408 1000 cum
1450 966 1580 1001 ecce
1619 947 1941 1002 adolescens
1981 949 2206 1020 quidam
2243 967 2316 1003 ex

404 1054 632 1089 numero
661 1035 1116 1090 scholasticorum
1142 1035 1229 1088 fur
1253 1054 1430 1103 veruS,
1459 1038 1692 1091 securim
1720 1039 1972 1092 clanculo
1999 1047 2316 1110 apportans,

406 1126 504 1178 illo
530 1143 643 1177 non
672 1125 938 1178 sentiente
964 1125 1244 1194 ingressus
1271 1134 1354 1179 est
1379 1126 1450 1179 ad
1477 1128 1753 1181 cancellos
1773 1129 2062 1198 plumbeos
2083 1128 2177 1200 qui
2196 1129 2315 1183 vico

408 1212 715 1281 argentario
747 1211 982 1282 desuper
1010 1213 1355 1282 praeminent,
1384 1220 1439 1266 et
1470 1213 1768 1284 praecidere
1805 1217 2094 1285 plumbum
2130 1216 2315 1287 coepit.

409 1300 558 1354 Sono
595 1307 778 1353 autem
814 1300 1019 1354 securis
1055 1299 1242 1354 audito
1279 1302 1856 1356 submurmuraverunt
1894 1304 2187 1372 argentarii
2222 1304 2317 1375 qui

408 1389 593 1441 subter
619 1394 789 1453 erant,
818 1396 872 1442 et
895 1387 1163 1441 miserunt
1189 1389 1285 1460 qui
1312 1389 1790 1460 apprehenderent
1817 1409 1980 1461 quem
2006 1392 2142 1444 sorte
2166 1391 2316 1444 inve-

405 1476 632 1529 nissent.
720 1476 968 1537 Quorum
1019 1476 1250 1529 vocibus
1302 1476 1522 1542 auditis,
1573 1477 1765 1530 relicto
1817 1478 2177 1531 instrumento
2225 1478 2317 1532 ille

407 1566 677 1630 discessit,
719 1566 918 1619 timens
963 1585 1033 1619 ne
1079 1584 1203 1619 cum
1250 1584 1314 1619 60
1359 1573 1647 1619 teneretur.
1726 1568 1961 1638 Alypius
2002 1575 2182 1620 autem
2224 1567 2318 1638 qui

405 1673 520 1706 non
551 1654 762 1708 viderat
794 1655 1105 1719 intrantem,
1134 1663 1427 1708 exeuntem
1464 1656 1652 1723 sensit,
1680 1663 1735 1709 et
1772 1657 2020 1710 celeriter
2048 1656 2187 1708 vidit
2224 1657 2318 1708 ab·

411 1750 661 1796 euntem:
718 1749 774 1795 et
824 1761 1048 1796 causam
1101 1743 1239 1796 scire
1291 1744 1522 1814 cupiens
1566 1744 1846 1812 ingressus
1892 1751 1975 1796 est
2021 1745 2224 1809 locum,
2267 1749 2321 1795 et

406 1830 686 1883 inventam
724 1830 959 1883 securim
997 1836 1147 1882 stans
1184 1837 1349 1900 atque
1387 1829 1663 1883 admirans
1699 1831 2097 1884 considerabat.
2178 1831 2319 1884 Cum

406 1936 537 1971 ecce
582 1918 664 1970 illi
712 1918 808 1988 qui
854 1917 1009 1970 missi
1057 1917 1288 1984 fuerant,
1332 1918 1609 1988 reperiunt
1660 1937 1785 1971 eum
1839 1920 2016 1971 solum
2060 1919 2319 1971 ferentem

407 2007 605 2060 ferrum
647 2006 805 2078 cujus
847 2008 1030 2061 sonitu
1070 2008 1241 2060 exciti
1276 2016 1564 2061 venerant:
1606 2014 1811 2072 tenent,
1841 2008 2149 2072 attrahunt,
2191 2026 2319 2061 con-

410 2095 652 2163 gregatis
693 2095 983 2165 inquilinis
1022 2095 1143 2159 fori,
1171 2104 1435 2165 tanquam
1475 2095 1648 2148 furem
1687 2095 2036 2148 manifestum
2077 2114 2133 2148 se
2175 2114 2319 2148 com-

407 2182 769 2252 prehendisse
798 2183 1117 2250 gloriantur,
1148 2191 1202 2236 et
1226 2182 1355 2235 inde
1385 2182 1695 2235 offerendus
1714 2182 1893 2253 judici
1922 2182 2237 2236 ducebatur.

489 2274 572 2322 15.
617 2270 727 2323 Sed
773 2270 1042 2323 hactenus
1088 2269 1371 2323 docendus
1416 2269 1535 2323 fuit.
1616 2271 1814 2324 Statim
1860 2271 2023 2334 enim,
2064 2271 2321 2336 Domine,

409 2357 715 2410 subvenisti
748 2357 1076 2411 innocentiae
1114 2357 1271 2428 cujus
1307 2358 1461 2410 testis
1496 2377 1614 2411 eras
1653 2364 1713 2410 tu
1752 2359 1915 2410 801118.
1995 2359 2136 2412 Cum
2176 2359 2320 2411 enim

410 2444 700 2499 duceretur
727 2446 812 2498 vel
840 2445 911 2498 ad
939 2445 1264 2510 custodiam,
1292 2447 1378 2499 vel
1411 2445 1480 2499 ad
1512 2445 1865 2516 supplicium,
1893 2445 1958 2498 fit
1990 2447 2069 2498 eis
2104 2446 2321 2499 obviam

411 2535 639 2607 quidam
668 2534 1000 2589 architectus
1028 2534 1186 2606 cujus
1213 2535 1459 2588 maxima
1484 2543 1599 2589 erat
1631 2554 1761 2589 cura
1786 2535 2131 2606 publicarum
2158 2535 2320 2588 fabri-

410 2642 614 2677 carum.
684 2622 946 2676 Gaudent
968 2623 1051 2674 illi
1080 2642 1204 2675 611111
1231 2623 1581 2693 potissimum
1608 2624 1928 2690 occurrisse,
1958 2623 2046 2676 cui
2074 2624 2323 2676 solebant

409 2712 469 2764 in
497 2712 868 2784 suspicionem
897 2713 1080 2765 venire
1108 2714 1411 2766 ablatarum
1438 2731 1616 2766 rerum
1645 2732 1768 2785 quae
1795 2713 2067 2783 perissent
2094 2713 2161 2766 de
2187 2713 2321 2778 for0,

410 2808 473 2853 ut
502 2801 660 2871 quasi
688 2800 910 2854 tandem
936 2800 1028 2852 ille
1057 2807 1415 2869 cognosceret
1433 2820 1466 2853 a
1488 2800 1691 2871 quibus
1712 2802 1834 2853 haec
1858 2800 2064 2853 fierent.
2118 2803 2322 2853 Verum

410 2894 594 2942 autem
615 2887 824 2940 viderat
842 2888 1008 2939 homo
1033 2905 1180 2957 saepe
1201 2887 1465 2957 Alypium
1483 2887 1542 2938 in
1564 2886 1726 2939 domo
1749 2886 2035 2957 cujusdam
2058 2887 2322 2940 senatoris

469 3086 481 3118 1
515 3087 688 3143 Alypius
705 3088 746 3127 111
768 3095 900 3128 nostra
920 3086 1198 3139 conjunctione
1227 3100 1342 3126 man-

412 3145 477 3193 sit,
500 3151 545 3184 ut
563 3143 750 3198 exemplo
771 3143 819 3184 sit
844 3143 1030 3183 fratribus
1061 3156 1177 3182 curas
1197 3142 1342 3182 mundi

411 3200 534 3254 hujus
567 3200 694 3240 vitare
730 3199 996 3254 cupientibus.
1043 3199 1148 3251 Aug.
1173 3199 1248 3253 Ep.
1271 3200 1338 3238 22.

412 3255 498 3296 Etsi
517 3255 560 3295 111
582 3255 742 3310 populis
770 3268 818 3295 ac
849 3268 968 3307 super
999 3254 1196 3308 populum
1229 3267 1340 3308 agas,

411 3325 505 3352 oves
543 3324 706 3366 pascuae
755 3310 923 3350 Domini
978 3323 1117 3364 regens
1166 3309 1342 3349 sollicitis

411 3366 508 3421 vigil
530 3373 667 3420 pastor
698 3365 900 3414 excubiis,
922 3372 1059 3406 tamen
1088 3364 1341 3405 abdicatione

412 3422 566 3468 saeculi,
597 3428 638 3462 et
674 3421 836 3476 repulsa
876 3421 1006 3461 carnis
1043 3427 1084 3462 et
1122 3420 1342 3475 sanguinis,

413 3478 614 3518 desertum
634 3477 706 3517 tibi
734 3477 808 3532 ipsi
837 3476 977 3522 fecisti,
998 3483 1172 3517 secretus
1193 3489 1215 3516 a
1237 3475 1343 3516 mul—

415 3532 480 3580 tis,
503 3539 669 3573 vocatus
699 3532 740 3572 in
772 3532 925 3587 paucis.
975 3531 1169 3573 Paulinus
1196 3532 1275 3587 Ep.
1293 3531 1346 3571 ad

416 3601 511 3629 611111
532 3589 611 3642 Ep.
623 3589 695 3628 24.
713 3589 801 3641 §.2
818 3602 883 3643 ap.
899 3589 1006 3644 Epp.
1023 3588 1132 3641 Aug.
1164 3588 1235 3628 Est
1249 3600 1343 3641 cog·

420 3651 541 3684 natus
568 3643 810 3684 venerabilis
839 3650 879 3684 et
897 3657 989 3684 vere
1015 3642 1123 3684 beati
1155 3642 1347 3698 Episcopi

422 3697 581 3752 Alypii,
600 3713 721 3754 quem
743 3706 824 3740 toto
846 3706 1006 3755 pectore
1034 3698 1288 3765 amplecteris
1307 3704 1348 3739 et

422 3753 591 3803 merito;
623 3767 717 3795 nam
734 3754 912 3809 quisquis
925 3755 976 3796 de
994 3754 1064 3795 1110
1072 3767 1158 3796 viro
1174 3753 1346 3808 benigne

1400 3087 1561 3141 cogitat,
1582 3087 1631 3126 de
1654 3100 1799 3141 magna
1821 3087 1899 3127 Dei
1921 3088 2188 3129 misericordia
2208 3094 2247 3129 et
2266 3088 2318 3129 de

1400 3142 1650 3183 mirabilibus
1699 3142 1778 3183 Dei
1823 3145 2055 3184 muneribus
2103 3136 2322 3198 cogitas.—

1399 3198 1505 3243 Cito,
1527 3198 1558 3238 si
1580 3197 1780 3238 Dominus
1812 3199 2025 3253 adjuverit,
2058 3206 2184 3240 totum
2219 3200 2321 3254 Aly-

1398 3253 1510 3307 pium
1528 3253 1698 3294 inseram
1721 3255 1951 3308 praecordiis
1981 3255 2085 3304 tuis3
2120 3269 2214 3295 nam
2245 3254 2321 3295 hoc

1398 3323 1486 3350 sum
1522 3308 1694 3349 maxime
1739 3309 1903 3358 veritus,
1935 3325 1984 3351 ne
2022 3311 2094 3352 ille
2121 3316 2322 3351 vereretur

1398 3364 1550 3419 aperire
1583 3364 1734 3411 omnia,
1776 3380 1869 3420 quae
1909 3368 1950 3406 in
1987 3380 2081 3407 eum
2122 3366 2322 3406 Dominus

1400 3420 1583 3466 contulit,
1606 3433 1656 3460 ne
1674 3420 1795 3462 alicui
1813 3422 1944 3463 minus
1964 3421 2199 3474 intelligenti
2232 3434 2313 3462 non

1399 3475 1534 3516 divina
1565 3489 1732 3516 munera
1769 3490 1958 3518 concessa
1988 3477 2232 3523 hominibus,
2249 3475 2320 3517 sed

1400 3531 1530 3586 ipsum
1564 3531 1781 3585 praedicare
1813 3532 2028 3574 videretur.
2070 3533 2188 3573 Id.E
2221 3562 2232 3573 .
2251 3532 2321 3572 27.

1401 3587 1453 3627 ad
1502 3586 1668 3627 Paulin.
1722 3587 1916 3629 Sanctum
1968 3595 2008 3629 et
2053 3601 2199 3629 venera
2228 3587 2320 3628 ilem

1402 3642 1562 3683 fratrem
1584 3650 1759 3683 nostrum
1786 3644 1938 3698 Papam
1959 3643 2170 3699 Alypium.
2221 3643 2321 3684 Hie-

1402 3711 1490 3740 ron.
1512 3698 1591 3753 Ep.
1610 3699 1678 3740 39.
1699 3712 1765 3754 ap.
1787 3700 1891 3755 Epp.
1921 3700 2029 3755 Aug.

2319 0 2378 164 ‘l

2351 164 2365 206 *θ’
