2378 4134
350 166 454 215 184
826 165 882 218 S.
915 165 1358 219 AUGUSTINI
1399 166 1757 222 EPISCOPI

340 296 524 365 ipsum
552 295 815 364 gaudium
841 297 1010 352 vitam
1039 299 1258 352 beatam
1292 300 1530 355 vocant?
1574 300 1737 363 Quod
1771 301 1875 354 etsi
1909 301 2050 356 alius
2083 303 2230 372 hinc,

341 384 482 437 alius
507 383 661 437 illinc
699 386 1025 456 assequitur,
1053 404 1223 438 unum
1257 396 1340 440 est
1371 394 1553 441 tamen
1587 407 1698 460 quo
1734 388 2012 458 pervenire
2045 407 2232 445 omnes

337 471 602 536 nituntur,
631 478 693 525 ut
719 471 1011 540 gaudeant.
1091 473 1229 533 Quae
1257 471 1518 544 quoniam
1541 493 1627 528 res
1654 483 1736 528 est
1762 495 1927 546 quam
1959 494 2015 529 se
2042 495 2232 547 exper-

338 565 454 612 tum
480 577 594 612 non
621 578 742 612 esse
762 579 924 612 nemo
943 567 1128 630 potest
1147 559 1347 626 dicere,
1363 570 1653 633 propterea
1669 570 1886 634 reperta
1900 562 1959 615 in
1978 564 2235 619 memoria
2287 591 2291 594 ²
2368 554 2371 558 ,

335 647 764 715 recognoscitur,
793 646 1014 718 quando
1040 649 1216 700 beatae
1245 648 1369 700 vitae
1395 668 1595 702 nomen
1623 651 1857 703 auditur.

151 750 297 790 XXII.
411 739 499 787 32.
539 735 719 800 Absit,
748 734 1005 800 Domine,
1033 735 1179 787 absit
1217 754 1250 788 a
1288 736 1452 789 corde
1499 738 1637 790 servi
1681 739 1779 803 tui,
1807 737 1903 809 qui
1947 737 2236 792 confitetur

131 805 267 901 vssiffim
335 822 463 886 tibi;
505 821 650 874 absit
671 828 730 872 ut
757 840 1106 892 quocumque
1135 822 1336 889 gaudio
1366 823 1651 891 gaudeam,
1671 826 1892 878 beatum
1918 845 2005 878 me
2029 832 2230 896 putem.

130 930 236 980 qufe,
256 923 295 956 et
335 912 442 962 Est
486 909 632 961 enim
674 909 949 976 §audium
992 908 1143 979 quod
1182 928 1290 962 non
1337 909 1497 963 datur
1533 913 1743 979 impiis,
1784 911 1881 964 sed
1925 912 2004 964 eis
2044 913 2139 983 qui
2183 920 2234 966 te

131 973 265 1080 3¹2¹ss
335 997 502 1064 gratis
531 997 738 1060 colunt,
768 1014 999 1066 quorum
1032 995 1295 1063 gaudium
1330 1004 1391 1049 tu
1418 997 1535 1068 ipse
1563 1017 1636 1051 es.
1716 1000 1793 1052 Et
1818 999 1942 1068 ipsa
1968 1007 2051 1051 est
2074 1001 2236 1052 beata

127 1072 198 1136 22⁹.
271 1072 282 1089 ’
334 1083 446 1135 vita
491 1082 726 1151 gaudere
774 1081 847 1135 ad
892 1090 962 1149 te,
1003 1082 1074 1136 de
1120 1091 1191 1147 te,
1218 1091 1442 1154 propter
1479 1090 1561 1150 te;
1606 1086 1731 1156 ipsa
1773 1093 1874 1151 est,
1913 1093 1967 1138 et
2003 1104 2116 1138 non
2155 1093 2238 1139 est

334 1174 547 1226 alterae.
602 1172 713 1234 Qui
740 1179 919 1225 autem
940 1174 1102 1225 aliam
1120 1179 1318 1243 putant
1336 1192 1475 1238 esse,
1495 1175 1644 1227 aliud
1666 1182 1941 1228 sectantur
1957 1175 2235 1243 gaudium,

332 1280 511 1332 neque
533 1261 718 1331 ipsum
735 1279 939 1313 verum.
1008 1262 1092 1313 Ab
1113 1261 1297 1331 aliqua
1313 1268 1495 1315 tamen
1515 1262 1756 1331 imagine
1777 1262 1963 1331 gaudii
1983 1263 2235 1316 voluntas

333 1367 520 1402 eorum
546 1367 658 1401 non
686 1349 959 1402 avertitur.

137 1457 171 1495 X
183 1457 309 1496 ΧΙῙῙ,
407 1439 497 1489 33.
552 1438 679 1489 Non
721 1454 849 1504 ergo
891 1443 1098 1489 certum
1138 1446 1222 1490 est
1262 1438 1413 1509 quod
1452 1458 1642 1492 omnes
1683 1458 1802 1492 esse
1840 1439 1988 1492 beati
2029 1441 2234 1506 volunt,

126 1512 260 1619 ἓξὲξ
334 1525 595 1597 quoniam
633 1524 728 1595 qui
767 1542 879 1576 non
917 1523 984 1577 de
1019 1531 1072 1577 te
1111 1526 1347 1594 gaudere
1383 1528 1593 1591 volunt,
1621 1546 1743 1597 quae
1785 1528 1902 1579 sola
1926 1527 2039 1580 vita
2076 1529 2238 1581 beata

125 1623 269 1686 quitur·
332 1620 433 1675 est,
459 1631 572 1664 non
599 1612 790 1682 utique
818 1611 986 1663 vitam
1014 1613 1231 1665 beatam
1257 1615 1463 1667 volunt.
1542 1616 1629 1666 An
1658 1633 1847 1666 omnes
1874 1615 1981 1668 hoc
2010 1614 2231 1667 volunt?

126 1687 290 1774 ξέἒῗξη
333 1700 442 1753 Sed
478 1702 739 1770 quoniam
776 1717 905 1751 caro
939 1702 1277 1766 concupiscit
1313 1701 1575 1753 adversas
1612 1703 1895 1768 spiritum,
1922 1708 1976 1753 et
2002 1703 2236 1769 spiritus

127 1792 224 1853 vira,
247 1798 287 1831 et
330 1788 592 1840 adversas
631 1805 856 1838 carnem
897 1793 961 1838 ut
1001 1805 1110 1838 non
1133 1787 1369 1856 jaciant
1409 1788 1555 1857 quod
1591 1790 1797 1853 volunt,
1838 1788 2044 1841 cadunt
2080 1789 2138 1840 in
2176 1787 2235 1840 id

125 1847 222 1943 {¹2¹1-
244 1905 285 1952 5,
332 1876 482 1948 quod
502 1877 706 1940 valent,
728 1894 904 1946 eoque
934 1877 1178 1929 contenti
1207 1885 1362 1941 sunt3
1400 1878 1530 1948 quia
1554 1876 1692 1930 illud
1721 1877 1868 1948 quod
1895 1896 2008 1930 non
2034 1879 2234 1942 valent,

131 1959 191 1998 17.
328 1984 440 2018 non
470 1971 683 2017 tantum
712 1964 922 2028 volunt,
947 1971 1211 2034 quantum
1244 1972 1329 2018 sat
1355 1973 1438 2017 est
1463 1973 1524 2018 ut
1548 1962 1807 2018 valeant(
1877 1967 2021 2018 Nam
2050 1983 2234 2036 quaero

330 2055 399 2106 ab
436 2052 692 2104 omnibus
730 2059 908 2103 utrum
948 2052 1143 2105 malint
1176 2052 1243 2104 de
1271 2052 1495 2105 veritate
1527 2071 1693 2123 quam
1728 2052 1796 2105 de
1831 2052 2064 2105 falsitate
2102 2071 2232 2120 gau-

331 2141 481 2194 dere:
525 2147 637 2192 tam
665 2158 777 2192 non
805 2138 1061 2191 dubitant
1088 2138 1267 2192 dicere
1297 2139 1364 2192 de
1390 2141 1616 2193 veritate
1646 2159 1703 2192 se
1730 2141 1910 2205 malle,
1930 2159 2095 2211 quam
2120 2158 2233 2191 non

330 2228 587 2282 dubitant
625 2226 805 2279 dicere
843 2228 1035 2280 beatos
1076 2246 1195 2280 esse
1237 2246 1294 2281 se
1334 2229 1485 2280 velle.
1565 2229 1742 2280 Beata
1770 2228 1977 2299 quippe
2004 2228 2118 2279 vita
2151 2235 2235 2280 est

125 2339 224 2382 Joh.
246 2341 312 2389 14,
331 2316 595 2386 gaudium
623 2315 690 2368 de
710 2315 953 2368 veritate.
1005 2316 1136 2368 Hoc
1165 2322 1247 2367 est
1273 2315 1419 2367 enim
1447 2314 1708 2383 gaudium
1737 2314 1803 2367 de
1832 2321 1884 2366 te
1906 2314 2002 2385 qui
2029 2316 2234 2366 verita-s*

156 2427 165 2437 ·
328 2424 401 2469 eS,
453 2405 607 2457 Deus
657 2405 1000 2456 illuminatio
1043 2422 1186 2468 mea,
1211 2405 1386 2480 'salus
1417 2405 1605 2473 faciet?
1655 2422 1804 2468 mccc,
1847 2404 2002 2456 Deles
2062 2420 2231 2454 meus.

124 2465 291 2568 1¹³?.4216„
334 2494 499 2546 Hanc
520 2492 689 2545 vitam
715 2493 934 2544 beatam
961 2509 1150 2544 omnes
1176 2493 1384 2556 volunt,
1411 2491 1556 2544 hanc
1583 2491 1750 2544 vitam
1779 2509 1901 2561 quae
1931 2490 2048 2542 sola
2071 2490 2234 2542 beata

126 2579 189 2616 Π·
332 2587 415 2633 est
441 2598 632 2632 omnes
653 2580 864 2644 volunt,
887 2578 1149 2647 gaudium
1178 2579 1245 2632 de
1271 2579 1496 2632 veritate
1517 2597 1707 2631 omnes
1727 2579 1964 2630 voluntss.
2019 2577 2234 2628 Multos

330 2675 593 2739 expertus
634 2686 754 2720 sum
790 2667 886 2738 qui
921 2668 1124 2720 vellent
1161 2667 1348 2720 fallere
1366 2687 1379 2731 3
1424 2666 1519 2738 qui
1559 2674 1740 2720 autem
1779 2664 1913 2731 falli,
1939 2664 2231 2716 neminem.

332 2756 448 2809 Ubi
469 2774 597 2824 ergo
617 2761 887 2807 noverunt
911 2754 1056 2807 hanc
1077 2755 1246 2807 vitam
1272 2756 1508 2819 beatam,
1525 2755 1634 2807 nisi
1660 2754 1757 2806 ubi
1781 2758 2050 2805 noverunt
2069 2751 2231 2804 etiam

328 2840 646 2895 veritatem?
705 2842 910 2894 Amant
936 2841 1081 2894 enim
1110 2848 1164 2894 et
1188 2842 1385 2911 ipsam,
1407 2840 1572 2912 quia*
1590 2842 1706 2894 falli
1733 2841 1944 2892 nolimt.
2003 2839 2080 2890 Et
2106 2856 2232 2890 cum

331 2935 516 2982 amant
556 2930 773 2981 beatam
819 2929 981 2981 vitam
1022 2927 1172 2998 quod
1215 2947 1328 2979 non
1373 2935 1456 2980 est
1500 2927 1651 2981 aliud
1697 2945 1862 2998 quam
1902 2925 1969 2978 de
2008 2924 2231 2978 veritate

332 3016 611 3086 gaudium,
651 3015 843 3085 utique
890 3022 1074 3067 amant
1119 3014 1283 3066 etiam
1325 3015 1639 3079 veritatem3
1693 3033 1795 3067 nec
1839 3018 2081 3066 amarent
2122 3012 2231 3064 nisi

332 3111 476 3157 esset
502 3104 688 3174 aliqua
714 3102 912 3155 notitia
939 3100 1057 3171 ejus
1082 3101 1141 3152 in
1167 3101 1432 3154 memoria
1456 3120 1659 3154 eorum.
1730 3102 1843 3154 Cur
1868 3118 1997 3167 ergo
2023 3117 2136 3152 non
2164 3098 2232 3151 de

331 3194 427 3246 illa
462 3190 737 3262 gaudent?
781 3209 878 3244 cur
910 3209 1022 3243 non
1059 3191 1207 3244 beati
1243 3189 1404 3244 sunt?
1484 3191 1630 3251 Quia
1663 3190 1855 3242 fortius
1892 3194 2234 3258 occupantur

331 3282 391 3333 in
429 3281 551 3333 aliis
591 3299 714 3351 quae
753 3279 939 3350 potius
978 3297 1072 3331 eos
1111 3278 1321 3332 faciunt
1363 3278 1608 3342 miserOS,
1650 3295 1815 3347 quam
1859 3275 1997 3328 illud
2038 3276 2231 3327 beatos

335 3368 484 3440 quod
529 3368 764 3421 tenuiter
805 3362 1215 3420 meminerunth.
1294 3365 1491 3419 Adhuc
1534 3365 1681 3418 enim
1722 3363 2001 3416 modicum
2045 3363 2229 3414 lumen

391 3568 410 3588 ⁸
443 3562 636 3614 Quisquis
651 3561 757 3603 enim
776 3562 917 3603 fruitur
938 3576 984 3602 eo
1004 3561 1112 3616 quod
1128 3568 1252 3606 amat,
1366 3555 1382 3587 f
1414 3559 1513 3601 Vid.
1532 3573 1623 3614 sup.
1642 3559 1671 3599 l.
1691 3558 1774 3598 viii.
1794 3571 1831 3598 c.
1855 3558 1894 3597 8.
1915 3556 1990 3597 sub
2011 3556 2080 3596 fin.

335 3632 553 3672 verumque
571 3625 611 3659 et
629 3631 829 3658 summum
850 3619 999 3659 bonum
1022 3623 1144 3663 amat,
1166 3617 1254 3672 quis
1366 3621 1387 3652 8
1421 3615 1519 3656 Vid.
1540 3628 1628 3668 sup.
1650 3629 1687 3655 c.
1709 3616 1776 3655 20.
2144 3663 2150 3670 .

334 3687 425 3713 eum
448 3674 609 3713 beatum
630 3674 702 3714 nisi
719 3673 960 3715 miserrimus
974 3677 1110 3729 neget!
1145 3675 1253 3728 Aug.
1368 3672 1387 3703 ἲ·
1419 3670 1533 3711 Nihil
1547 3671 1691 3711 mirum
1707 3671 1883 3723 estquod
1898 3666 2027 3708 miseri
2045 3665 2224 3705 hommes

334 3729 385 3770 de
404 3728 526 3770 Civit.
549 3730 642 3779 Dei,
662 3729 693 3771 l.
712 3729 791 3770 viii.
810 3743 845 3769 c.
863 3730 906 3770 9.
1312 3742 1391 3768 non
1430 3726 1704 3782 adipiscuntur
1740 3725 1847 3780 quod
1890 3724 2041 3770 volunt,
2075 3720 2115 3760 id
2150 3727 2225 3766 est,
