2378 4134
563 275 1171 335 CONFESSIONUM
1209 272 1449 327 LIBER
1486 272 1552 323 V.
1912 270 1981 318 67

123 418 195 471 sit
227 433 387 486 quam
423 429 637 466 mensor
668 410 812 474 coeli,
844 416 899 462 et
933 413 1240 462 numerator
1277 402 1529 468 siderum,
1554 408 1608 454 et
1642 415 1840 470 pensor
1874 399 1980 452 ele-

120 509 434 563 mentorum,
454 505 508 551 et
524 497 805 565 negligens
823 495 921 560 tui,
941 494 1036 565 qui
1054 493 1239 546 omnia
1261 492 1324 543 in
1347 505 1604 542 mensura
1621 493 1675 538 et
1691 503 1915 537 numero
1927 490 1983 537 et
1999 497 2096 552 Sap.
2120 497 2184 546 ιι,

115 586 353 655 pondere
378 583 707 651 disposuisti.
1996 553 2066 592 21.

201 675 250 724 8.
291 669 399 724 Sed
418 676 596 722 tamen
620 667 742 737 quis
759 666 1034 737 quaerebat
1048 661 1418 716 Manichaeum
1433 657 1619 712 nescio
1640 674 1801 726 quem
1819 655 1980 707 etiam
2064 669 2121 730 V.

122 758 226 810 ista
249 757 496 819 scribere,
518 755 632 806 sine
660 770 886 823 quorum
910 749 1104 820 peritia
1127 748 1301 818 pietas
1327 745 1464 798 disci
1488 741 1727 814 poterat?
1773 740 1982 793 Dixisti
1997 723 2167 817 ἒέζεῗᾞε

122 843 266 895 6111111
302 840 526 905 1101111111,
554 840 699 891 Ecce
727 840 912 906 pietas
949 842 1003 888 et
1038 834 1312 902 sapientia
1332 854 1350 890 ;
1410 848 1572 901 quam
1609 829 1700 880 ille
1737 827 1982 895 ignorare
1999 831 2132 893 ,astris

120 934 320 998 posset,
341 925 549 978 etiamsi
574 925 678 976 ista
701 922 933 992 perfecte
958 927 1166 974 nosset:
1205 919 1311 970 ista
1326 935 1452 970 vero
1470 915 1598 987 quia
1615 932 1726 966 non
1743 918 1982 975 noverat,
1997 899 2154 1000 {gp-,2¹5

121 1011 582 1082 impudentissime
609 1009 813 1061 audens
841 1007 1052 1071 docere,
1070 1022 1287 1075 prorsus
1306 1003 1455 1055 illam
1474 1018 1633 1053 nosse
1651 1018 1763 1052 non
1781 1004 1981 1069 posset.
1998 994 2185 1090 {issgrffffie

123 1098 345 1150 Vanitas
384 1103 465 1148 est
502 1095 645 1147 enim
682 1092 957 1146 mundana
992 1092 1098 1144 ista
1135 1090 1295 1142 etiam
1333 1095 1465 1140 nota
1511 1085 1769 1156 profiteri,
1805 1085 1982 1154 pietas
1998 1103 2039 1166 ³3¹
2065 1112 2185 1167 caefe-

124 1190 298 1236 autem
326 1182 424 1234 tibi
450 1180 707 1233 confiteri.
788 1177 948 1231 Unde
981 1178 1074 1229 ille
1109 1176 1314 1239 devius,
1342 1173 1411 1226 ad
1446 1170 1588 1226 hoc*
1614 1172 1719 1225 ista
1753 1172 1980 1224 multum
1998 1159 2186 1253 ggtfame-

122 1270 333 1321 locutus
359 1273 456 1331 est,
481 1274 542 1318 ut
567 1266 845 1318 convictus
873 1266 939 1316 ab
968 1263 1045 1315 eis
1079 1261 1173 1331 qui
1204 1261 1309 1313 ista
1342 1278 1463 1311 vere
1499 1258 1832 1322 didicissent,
1860 1256 1983 1326 quis
1998 1269 2077 1308 Job
2095 1270 2165 1315 28,

122 1360 264 1406 esset
308 1352 423 1422 ejus
472 1369 659 1404 sensus
695 1351 753 1402 in
792 1349 999 1402 caeteris
1047 1366 1169 1417 quae
1219 1345 1485 1398 abditiora
1524 1351 1665 1407 sunt,
1702 1343 1983 1396 manifeste
1999 1324 2166 1418 ἶξξζξῗ·

125 1444 548 1506 cognosceretur.
626 1437 752 1488 Non
806 1435 949 1487 enim
1001 1432 1155 1502 parvi
1210 1430 1508 1484 existimari
1553 1449 1609 1482 se
1653 1429 1843 1494 voluit,
1888 1427 1985 1480 sed

125 1525 385 1593 Spiritum
411 1529 654 1575 sanctum
682 1521 1071 1574 consolatorem
1099 1527 1152 1571 et
1178 1517 1458 1570 ditatorem
1485 1515 1727 1568 fidelium
1753 1522 1982 1578 tuorum,

125 1609 436 1661 auctoritate
460 1606 703 1677 plenaria
726 1604 1106 1675 personaliterss
1122 1603 1178 1654 in
1196 1621 1251 1655 se
1271 1621 1388 1654 esse
1415 1601 1735 1671 persuadere
1760 1606 1985 1652 conatus

126 1703 220 1747 est.
296 1696 504 1763 Itaque,
533 1711 655 1746 cum
682 1691 747 1743 de
774 1692 912 1743 coelo
940 1709 1002 1742 ac
1030 1690 1216 1755 stellis,
1237 1695 1291 1741 et
1318 1689 1383 1741 de
1411 1688 1542 1740 solis
1568 1706 1631 1739 ac
1656 1689 1802 1739 lunae
1827 1686 1983 1739 moti-

124 1781 228 1832 bus
250 1780 386 1831 falsa
410 1778 614 1830 dixisse
647 1775 1144 1845 deprehenderetur,
1171 1774 1417 1844 quamvis
1444 1774 1513 1826 ad
1539 1773 1838 1825 doctrinam
1862 1772 1983 1824 reli-

131 1864 304 1931 gionis
329 1865 433 1915 ista
456 1881 567 1915 non
601 1862 918 1931 pertineant,
944 1868 1124 1912 tamen
1159 1878 1320 1912 ausus
1357 1859 1472 1928 ejus
1504 1859 1794 1926 sacrilegos
1819 1859 1984 1910 fuisse

131 1948 259 2000 satis
285 1948 537 1999 emineret
558 1967 570 2010 3
611 1965 735 1999 cum
761 1964 825 1998 ea
849 1963 958 1997 non
986 1946 1158 1996 solum
1184 1946 1445 2012 ignorata,
1469 1943 1563 1996 sed
1589 1945 1751 1996 etiam
1776 1944 1983 2003 falsata,

129 2030 273 2086 tam*
299 2051 495 2084 vesana
520 2032 783 2101 superbiae
822 2030 1052 2082 vanitate
1081 2030 1298 2095 diceret,
1325 2036 1385 2081 ut
1412 2048 1476 2082 ea
1500 2038 1759 2099 tanquam
1786 2029 1982 2082 divinae

127 2115 397 2187 personaeh
423 2117 652 2168 tribuere
679 2116 782 2168 sibi
807 2116 1077 2167 niteretur.

195 2189 247 2253 9.
288 2202 425 2255 Cum
451 2202 592 2254 enim
619 2201 778 2254 audio
806 2201 1155 2254 christianum
1194 2201 1428 2270 aliquem
1454 2201 1686 2266 fratrem,
1714 2201 1866 2252 illum
1893 2208 1988 2253 aut

126 2287 295 2350 illum,
319 2287 423 2340 ista
454 2288 798 2350 nescientem,
824 2294 878 2338 et
903 2285 1050 2338 aliud
1082 2304 1180 2355 pro
1217 2286 1322 2338 alio
1359 2287 1695 2350 sentientem,
1720 2286 1987 2355 patienter

126 2371 336 2424 intueor
360 2373 668 2442 opinantem
692 2372 989 2435 hominem3
1028 2389 1128 2423 nec
1155 2371 1236 2422 illi
1263 2374 1452 2423 obesse
1477 2372 1655 2436 videO,
1673 2391 1795 2424 cum
1824 2372 1890 2424 de
1916 2381 1986 2436 te,

127 2458 359 2509 Domine
393 2467 597 2510 creator
631 2457 886 2520 omnium,
911 2474 1022 2508 non
1060 2455 1243 2508 credat
1274 2457 1514 2524 indigna,
1543 2458 1588 2509 si
1614 2457 1747 2509 forte
1775 2458 1909 2509 situs
1935 2466 1988 2509 et

127 2541 344 2594 habitus
378 2550 628 2595 creaturae
664 2541 956 2610 corporalis
992 2541 1217 2609 ignoret.
1295 2543 1466 2593 Obest
1499 2549 1677 2594 autem
1704 2543 1748 2594 si
1782 2543 1886 2594 hoc
1918 2542 1987 2594 ad

127 2626 301 2695 ipsam
338 2626 593 2679 doctrinae
630 2626 846 2695 pietatis
871 2627 1092 2678 formam
1125 2626 1388 2694 pertinere
1416 2627 1712 2693 arbitretur,
1737 2636 1791 2679 et
1823 2629 1985 2697 perti-

184 2834 205 2866 8
238 2829 532 2870 promi-sionem
566 2830 725 2869 Domini
750 2815 851 2870 ‘Jesu
883 2829 1028 2870 Christi
1082 2829 1185 2869 dicta
1203 2830 1320 2870 sunt.’
1379 2832 1463 2870 Nos
1493 2832 1693 2871 audientes
1718 2831 1886 2871 Paulum
1911 2832 1984 2871 1106

130 2884 181 2923 de
205 2885 409 2924 Paracleto
434 2885 734 2937 Spiritu-sancto
754 2885 794 2924 in
814 2898 884 2924 suo
904 2884 1027 2924 116116-

130 2938 284 2979 51616116
317 2939 542 2978 Manichaeo
571 2939 707 2978 dicunt
739 2952 819 2979 6556
855 2939 1027 2992 comple·

130 2999 224 3031 tam.
271 2993 385 3032 Unde
405 3006 444 3032 se
464 2993 500 3032 in
521 2993 600 3033 suis
618 2993 751 3033 litteris
771 2994 795 3033 J
801 3007 867 3033 esu
885 2993 1027 3034 Christi

131 3046 348 3099 apostolum
368 3047 475 3090 dicit.
495 3061 541 3087 60
571 3049 672 3100 quod
704 3048 727 3087 J
732 3061 820 3087 esus
850 3048 1026 3087 Christus

132 3112 173 3139 se
193 3101 395 3140 missurum
417 3114 498 3141 esse
517 3102 740 3155 promiserit,
762 3110 879 3155 atque
898 3102 939 3141 in
959 3102 1025 3141 illo

133 3152 279 3193 miserit
292 3154 474 3207 Spiritum
491 3156 696 3195 Sanctum.
739 3156 902 3210 Propter
920 3157 1026 3209 quod

135 3206 250 3246 etiam
286 3207 367 3261 ipse
395 3209 643 3250 Manichaeus
675 3211 881 3250 duodecim
914 3211 1026 3250 disci-

137 3259 250 3313 pulos
268 3259 417 3309 habuit,
438 3264 487 3303 ad
504 3263 623 3303 instar
642 3265 840 3317 apostolici
860 3264 1026 3310 numeri,

137 3326 254 3364 quem
271 3326 473 3355 numerum
493 3317 709 3357 Manichaei
730 3319 920 3372 hodieque
938 3333 1025 3359 cus-

138 3366 303 3407 todiunt.
345 3369 452 3423 Aug.
471 3371 519 3410 de
540 3373 692 3412 Haeres.

194 3421 215 3451 h
245 3421 310 3460 Ob
330 3421 400 3462 has
419 3423 563 3464 scilicet
580 3425 732 3466 fabulas
750 3427 1025 3466 astronomicas

138 3474 183 3514 M
188 3475 409 3515 anichaeum
443 3476 686 3519 Paracletum
718 3480 832 3520 fuisse
859 3481 1031 3520 credide-

137 3536 227 3568 runt
247 3537 452 3570 sectatores
470 3532 571 3584 ejus,
585 3540 678 3575 teste
697 3534 825 3574 Felice
840 3547 907 3588 ap.
922 3535 1031 3588 Aug.

137 3581 241 3622 Acta
262 3597 299 3622 c.
319 3584 402 3623 Fel.
426 3585 538 3626 Man.
562 3585 591 3625 i.
610 3587 652 3626 9.
709 3591 736 3609 “
761 3587 908 3628 Paulus
926 3590 1030 3628 enim

135 3636 243 3682 dicit.
267 3642 278 3658 ⁴
300 3650 350 3678 ex
377 3644 485 3692 parte
513 3639 669 3688 scimus,
685 3646 726 3682 et
741 3654 792 3682 ex
812 3650 919 3696 parte
939 3656 1026 3696 pro-

137 3689 343 3743 phetamus
361 3707 369 3730 :
402 3705 491 3732 cum
506 3693 654 3734 venerit
671 3701 801 3735 autem
820 3697 926 3750 quod
944 3710 1031 3751 per·

138 3744 279 3785 fectum
300 3752 371 3791 651,
390 3746 651 3787 abolebuntur
668 3760 715 3788 ea
734 3761 824 3801 quae
842 3763 891 3790 ex
922 3757 1030 3804 parte

1082 2884 1224 2930 dicere,
1255 2884 1360 2924 venit
1389 2886 1640 2926 Manichaeus
1670 2900 1760 2926 cum
1794 2887 1984 2940 praedica-

1082 2939 1185 2978 tione
1206 2952 1290 2981 sua,
1310 2947 1350 2978 61
1378 2940 1620 2994 suscepimus
1645 2954 1735 2980 eum
1765 2942 1982 2980 secundum

1082 2995 1187 3046 quod
1200 2993 1377 3033 Christus
1389 2995 1500 3037 dixit.
1517 3001 1526 3016 ⁴
1543 2996 1658 3034 Mitto
1671 2996 1780 3035 vobis
1795 2995 1983 3044 Spiritum

1081 3056 1259 3087 sanctum
1282 3049 1310 3087 :'
1337 3056 1376 3088 et
1399 3049 1546 3088 Paulus
1570 3050 1675 3089 venit
1699 3058 1738 3089 et
1762 3050 1871 3094 dixit,
1893 3050 1986 3102 quia

1080 3109 1120 3141 et
1137 3102 1217 3156 ipse
1228 3109 1415 3142 venturus
1434 3112 1504 3151 est,
1521 3111 1559 3144 et
1578 3111 1711 3157 postea
1727 3118 1840 3144 nemo
1854 3104 1980 3143 venit:

1082 3156 1169 3196 ideo
1198 3157 1440 3209 suscepimus
1466 3158 1752 3197 Manichaeum.
1812 3160 1864 3196 Et
1892 3159 1985 3210 quia

1081 3211 1187 3250 venit
1214 3210 1478 3259 Manichaeus,
1499 3220 1538 3252 et
1566 3226 1634 3265 per
1662 3225 1773 3251 suam
1795 3213 1984 3264 praedica-

1083 3265 1225 3305 tionem
1265 3265 1399 3304 docuit
1427 3280 1496 3306 nos
1532 3266 1700 3310 initium,
1730 3265 1916 3311 medium,
1947 3272 1986 3305 et

1084 3319 1200 3359 finem
1220 3336 1231 3370 ;
1276 3319 1412 3358 docuit
1447 3334 1518 3360 nos
1553 3321 1603 3360 de
1641 3319 1790 3359 fabrica
1831 3320 1983 3365 mundi,

1082 3387 1203 3426 quare
1241 3374 1346 3413 facta
1382 3380 1452 3422 est,
1490 3382 1528 3414 et
1566 3375 1671 3414 unde
1709 3374 1814 3413 facta
1846 3382 1916 3420 est,
1946 3380 1985 3414 61

1082 3427 1174 3480 quia
1200 3428 1398 3475 fecerunt3
1433 3429 1568 3467 docuit
1596 3442 1666 3467 nos
1691 3441 1811 3480 quare
1831 3427 1924 3471 dies,
1945 3436 1986 3467 et

1086 3494 1207 3534 quare
1245 3494 1348 3527 nox3
1387 3483 1519 3520 docuit
1553 3495 1623 3522 nos
1654 3483 1703 3520 de
1738 3495 1854 3521 cursu
1892 3482 1984 3522 solis

1086 3542 1125 3574 et
1143 3535 1248 3574 lunae
1269 3551 1277 3573 ε
1310 3534 1403 3586 quia
1422 3535 1495 3575 hoc
1514 3537 1555 3574 in
1578 3536 1706 3575 Paulo
1725 3549 1804 3575 non
1831 3536 1982 3576 audivi·

1086 3601 1188 3633 mus,
1233 3602 1306 3628 nec
1353 3588 1392 3628 in
1439 3596 1654 3629 ceterorum
1702 3590 1982 3652 Apostolorum

1084 3643 1307 3696 scripturis:
1345 3642 1421 3683 hoc
1452 3644 1662 3692 credimus,
1692 3657 1785 3698 quia
1817 3644 1898 3698 ipse
1924 3653 1983 3686 est

1090 3696 1329 3736 Paracletus.
1341 3696 1365 3711 ''

1011 3824 1098 3870 1³2
