2378 4134
603 274 1213 332 CONFESSIONUM
1251 273 1495 329 LIBER
1532 273 1632 326 IX.
1949 271 2053 324 149

193 415 360 474 meus,
396 413 522 462 tuus
558 414 754 472 autem,
792 407 1047 472 Domine,
1084 405 1371 476 adoptivus
1408 422 1479 457 ex
1516 402 1709 456 liberto
1746 402 1924 468 filius3
1973 402 2054 456 ibi

193 495 339 548 vivit.
414 494 557 546 Nam
584 493 706 562 quis
731 493 869 545 alius
895 493 987 546 tali
1013 493 1204 546 animae
1235 489 1430 544 locus?
1487 489 1576 542 Ibi
1612 488 1762 552 vivit,
1788 488 1932 541 unde
1964 506 2052 540 me

189 580 358 634 multa
378 579 740 645 interrogabat
762 578 1177 631 homuncionem
1202 577 1561 645 inexpertum.
1617 576 1654 627 J
1656 593 1742 627 am
1760 593 1870 627 non
1895 574 2052 645 ponit

191 682 371 718 aurem
396 663 466 716 ad
489 681 550 716 os
574 681 770 726 meum,
791 662 886 715 sed
905 664 1179 733 spirituale
1207 680 1267 714 os
1292 661 1362 714 ad
1378 662 1581 713 fontem
1598 668 1776 723 tuum3
1816 667 1871 711 et
1893 659 2051 723 bibit,

191 754 450 819 quantum
483 754 679 817 potest,
705 747 1024 816 sapientiam
1057 765 1156 816 pro
1193 746 1446 800 aviditate
1482 763 1596 812 sua,
1622 746 1738 797 sine
1764 745 1874 795 fine
1897 744 2046 795 felix.

191 837 307 889 Nec
333 853 455 887 eum
480 835 557 887 sic
583 835 805 887 arbitror
828 835 1078 888 inebriari
1105 854 1175 888 ex
1201 853 1282 900 ea,
1306 841 1368 886 ut
1392 833 1739 886 obliviscatur
1774 832 1897 895 mei,
1925 849 2049 883 cum

188 927 264 984 tu,
305 921 556 984 Domine,
596 938 756 989 quem
793 927 947 990 potat
983 918 1130 985 ille*‚
1171 921 1341 972 nostri
1380 920 1454 971 sis
1493 937 1710 971 memor.
1788 919 1878 972 Sic
1919 935 2047 985 ergo

187 1023 411 1069 eramuS,
427 1005 798 1058 Verecundum
817 1007 1158 1058 consolantes
1181 1006 1402 1067 tristem,
1422 1006 1570 1057 salva
1589 1004 1845 1068 amicitia,
1865 1003 1931 1056 de
1953 1003 2047 1056 tali

186 1091 531 1144 conversione
561 1099 744 1143 nostra
755 1091 797 1155 ’ζ
824 1098 877 1143 et
902 1092 1248 1143 exhortantes
1276 1091 1344 1143 ad
1370 1090 1532 1142 fidem
1572 1089 1767 1158 gradus
1793 1090 1894 1155 sui,
1921 1090 2046 1140 vitae

186 1176 391 1229 scilicet
440 1176 772 1247 conjugalis3
837 1175 1158 1228 Nebridium
1208 1184 1384 1229 autem
1434 1177 1775 1246 opperientes
1826 1174 2043 1244 quando

186 1269 503 1330 sequeretur,
532 1261 679 1331 quod
704 1261 770 1312 de
794 1268 904 1312 tam
928 1261 1180 1329 proximo
1205 1268 1430 1330 poterat,
1458 1270 1513 1313 et
1538 1268 1649 1313 erat
1674 1261 1790 1330 jam
1819 1260 2044 1331 jamque

184 1347 445 1398 facturus:
486 1364 608 1398 cum
647 1364 771 1397 ecce
810 1345 1010 1396 evoluti
1050 1352 1174 1396 sunt
1211 1345 1327 1397 dies
1350 1346 1430 1397 illi
1455 1345 1702 1410 tandem3
1741 1365 1868 1398 nam
1892 1347 2044 1412 longi

185 1440 238 1485 et
261 1434 412 1485 multi
437 1433 756 1484 videbantur
780 1451 890 1501 prae
916 1450 1094 1485 amore
1119 1433 1380 1486 libertatis
1406 1434 1592 1486 otiosae
1621 1433 1690 1485 ad
1716 1433 2043 1486 cantandum

183 1519 250 1571 de
274 1518 522 1570 medullis
556 1520 823 1582 omnibuS,
857 1519 975 1570 Tibi
1012 1520 1160 1570 dixit
1197 1538 1288 1571 cor
1323 1538 1522 1583 meum,
1563 1519 1796 1575 Quaesivi
1832 1522 2041 1571 vultam
2062 1520 2130 1560 PS·
2151 1522 2218 1569 26,

184 1611 335 1657 tuum
357 1627 375 1662 ;
417 1607 624 1657 vultum
654 1612 828 1667 tuum,
855 1606 1107 1667 Domine,
1131 1606 1426 1673 requiram.
2060 1576 2098 1614 8.

257 1695 304 1741 7.
355 1691 430 1742 Et
474 1690 621 1740 venit
667 1686 814 1740 dies*
856 1706 964 1757 quo
1012 1689 1172 1740 etiam
1212 1696 1335 1740 actu
1374 1690 1604 1741 solverer
1641 1709 1673 1741 a
1709 1691 2041 1759 professione
2098 1705 2191 1765 iv.

180 1777 459 1841 rhetorica,
495 1776 637 1827 unde
667 1775 782 1845 jam
821 1776 1058 1842 cogitatu
1098 1777 1303 1828 solutus
1343 1794 1499 1828 eram.
1578 1778 1653 1828 Et
1702 1778 1902 1830 factum
1942 1786 2038 1830 est.
2059 1759 2170 1799 Libri

2058 1815 2165 1865 apud

182 1863 388 1915 Eruisti
412 1863 653 1929 linguam
678 1881 854 1914 meam
878 1862 1021 1913 unde
1047 1861 1162 1932 jam
1189 1881 1398 1915 erueras
1426 1882 1516 1915 cor
1539 1882 1717 1916 meum
1741 1885 1753 1926 3
1794 1873 1846 1917 et
1876 1867 2039 1917 bene·
2059 1869 2228 1909 Cassici-

181 1949 426 2000 dicebam
452 1948 552 1999 tibi
584 1946 821 2014 gaudens
858 1947 1126 2015 profectus
1151 1946 1207 1997 in
1233 1948 1411 1999 villam
1441 1966 1563 1999 cum
1588 1949 1723 2000 meis
1752 1950 2038 2014 omnibus&
2059 1936 2209 2032 2332,

182 2035 270 2086 Ibi
305 2034 438 2104 quid
475 2033 671 2101 egerim
708 2033 765 2084 in
801 2033 1008 2096 litteris,
1026 2031 1143 2101 jam
1170 2033 1388 2102 quidem
1418 2035 1772 2086 servientibus
1802 2036 1920 2099 tibi,
1947 2036 2039 2087 sed
2060 2034 2218 2086 Episto-

181 2119 358 2172 adhuc
377 2119 639 2189 superbiae
658 2118 897 2170 scholam
914 2124 1170 2186 tanquam
1186 2119 1242 2169 in
1260 2120 1579 2187 pausatione
1606 2121 1986 2172 anhelantibus
1998 2121 2040 2186 *‚
2058 2088 2205 2181 issessiii-

182 2212 438 2259 testantur
453 2206 577 2257 libri
596 2205 855 2274 disputati
870 2203 888 2230 κ
907 2222 1029 2256 cum
1049 2205 1422 2272 praesentibUS,
1444 2212 1498 2257 et
1518 2224 1641 2258 cum
1660 2206 1781 2275 ipso
1797 2225 1882 2258 me
1904 2209 2018 2259 solo
2033 2209 2039 2236 ¹
2057 2196 2179 2236 dium.

180 2377 370 2418 cretum.’'
405 2390 442 2416 c.
473 2377 604 2415 Faust.
629 2374 766 2414 xxxiii.
800 2377 838 2415 5.
883 2374 1079 2427 quomodo
1133 2382 1318 2414 sanentur
1360 2376 1553 2416 vulnera’'
1600 2390 1686 2424 sua,
1727 2383 1753 2399 “
1783 2377 2038 2430 indigniorem

179 2432 297 2471 etiam
317 2431 494 2470 universe
514 2434 540 2451 ‘⁴
564 2430 690 2482 justos
718 2429 922 2468 defunctos
949 2428 990 2467 in
1020 2443 1077 2467 oc·
1135 2438 1265 2468 tamen
1283 2443 1364 2470 esse
1383 2444 1460 2477 me,
1482 2431 1549 2483 qui
1568 2438 1647 2470 tam
1675 2431 1751 2470 cito
1780 2445 1894 2470 saner
1921 2446 2040 2484 quam

182 2488 295 2525 cultis
326 2485 478 2538 piorum
506 2484 662 2523 sedibus
695 2483 875 2534 quietos”
905 2495 986 2522 esse
1023 2482 1080 2521 ait
1134 2483 1239 2527 volo,
1277 2498 1380 2538 saepe
1418 2485 1643 2539 memetipse
1681 2486 1917 2525 convinco.''
1973 2487 2037 2526 Ib.

182 2541 253 2593 (de
275 2539 363 2579 Civ.
382 2539 512 2585 Dei,i.
530 2538 617 2587 13.)
638 2544 678 2576 et
694 2537 832 2576 iisdem
854 2537 931 2576 fere
953 2536 1081 2575 verbis
1138 2538 1169 2587 ς,
1191 2539 1257 2576 29.

181 2594 326 2647 ubique
346 2594 482 2638 utitur,
501 2593 602 2631 unde
631 2598 781 2630 constat
801 2604 889 2629 eum
917 2604 993 2628 non
1023 2591 1071 2630 de

181 2648 268 2687 loco
298 2648 522 2700 ambiguum
553 2646 722 2690 haesisse,
747 2646 813 2684 sed
844 2646 892 2683 de
922 2644 1075 2696 gaudiis

181 2702 324 2753 quibus
342 2707 368 2723 ‘¹
386 2703 527 2740 animae
543 2701 735 2753 justorum
758 2712 805 2738 ac
826 2699 976 2752 piorum
1008 2699 1075 2738 de-

180 2756 413 2800 functorum,
428 2769 526 2808 quas
543 2757 582 2793 in
603 2754 732 2806 requie
751 2753 878 2792 vivere
897 2752 1075 2793 dubitare

180 2809 239 2850 fas
251 2824 326 2849 non
335 2810 428 2855 sit,''
439 2811 508 2861 (de
519 2806 930 2857 Civ.Dei‚xiii.19.)ibi
942 2807 1074 2847 fruan-

182 2871 260 2912 tur,
273 2878 362 2904 cum
382 2873 527 2903 certum
543 2863 590 2902 sit
606 2863 707 2916 ipsos
725 2861 961 2916 plenioribus
980 2875 1075 2914 gau-

179 2918 253 2958 diis
282 2927 365 2971 post
397 2917 711 2958 resurrectionem
751 2930 832 2956 esse
876 2916 1075 2970 potituros.

181 2973 378 3013 Caeterum
397 2973 562 3012 eandem
581 2971 861 3010 dubitationem
881 2972 930 3010 de
948 2976 973 2994 ‘⁴
987 2970 1075 3011 sinu

182 3027 411 3066 Abiaham”
432 3040 589 3066 cernere
617 3025 708 3064 licet
734 3039 799 3079 ap.
831 3026 954 3066 Grec.
973 3026 1074 3065 Naz.

183 3081 294 3119 Orat.
318 3082 486 3120 Funebr.
505 3082 543 3119 in
563 3083 602 3120 S.
631 3081 780 3119 Caesar.
801 3081 899 3118 med.
922 3081 954 3118 ἐν
981 3079 1073 3119 κᾶλ-

182 3149 260 3177 rm
283 3135 475 3190 Ἀβραὰμ.
503 3135 625 3179 οἵτινες
654 3133 696 3177 δὴ
725 3134 828 3175 οὗτοί
859 3135 954 3179 εἰσιν,
985 3137 1073 3174 ἀνα·

181 3188 344 3228 arabem.

240 3238 255 3268 ¹
282 3243 327 3281 ld
348 3242 444 3282 mihi
461 3255 588 3284 amore
603 3243 823 3283 inveniendi
841 3243 921 3281 veri
935 3242 1016 3295 jam
1036 3243 1077 3283 in

181 3297 498 3335 consuetudinem
543 3306 725 3343 verterat,
760 3297 836 3350 (ait
881 3297 990 3350 Aug.
1028 3299 1077 3336 de

185 3348 324 3389 Ordin.
350 3349 376 3389 i.
407 3351 440 3400 §.
470 3351 510 3389 6.
548 3353 597 3391 de
624 3352 698 3391 hac
726 3364 844 3404 agens
873 3350 959 3389 vitae
991 3351 1078 3403 ejus

183 3404 314 3456 parte)
349 3403 402 3442 ita
427 3411 472 3442 ut
497 3413 565 3444 aut
590 3407 752 3459 primam
783 3405 815 3445 si
844 3404 940 3444 tales
971 3418 1074 3444 curae

179 3457 347 3504 inerant,
383 3464 449 3496 aut
498 3467 599 3499 certe
639 3460 829 3503 ultimam,
876 3458 1074 3497 dimidiam

179 3518 311 3550 tamen
331 3511 409 3551 fere
437 3512 558 3551 noctis
587 3522 732 3566 partem
764 3511 920 3566 pervigil
952 3514 1072 3565 quod-

185 3578 341 3617 cunque
388 3563 616 3616 cogitarem,
674 3580 747 3606 nec
793 3580 855 3606 me
902 3566 1077 3619 patiebar

180 3620 483 3659 adolescentium
511 3619 840 3660 lucubrationibus
871 3633 896 3660 a
931 3620 1077 3673 meipso

178 3673 378 3713 .avocari.''
450 3673 633 3714 Testatur
678 3673 796 3713 etiam
832 3686 873 3714 se
910 3677 938 3694 “
961 3686 1077 3727 poene

182 3726 415 3779 quotidianis
458 3726 611 3768 fletibus
657 3727 791 3768 Deum
836 3739 985 3781 rogare,
1034 3735 1078 3766 ut

1181 2590 1205 2621 k
1236 2593 1300 2630 Sc.
1322 2592 1495 2645 Disputt.
1528 2593 1583 2631 iii.
1604 2600 1740 2632 contra
1760 2594 2034 2641 Academicos,

1132 2650 1157 2667 “
1181 2646 1356 2699 pauculis
1384 2646 1522 2686 diebus
1542 2648 1757 2693 transactis,
1779 2656 2036 2702 posteaquam

1130 2700 1170 2738 in
1189 2713 1281 2752 agro
1301 2700 1427 2740 vivere
1447 2701 1671 2755 coepisset.'’
1701 2716 1737 2741 c.
1756 2704 1885 2742 Acad.
1900 2703 1926 2742 i.
1945 2706 1979 2754 ς.
1996 2706 2035 2742 4.

1131 2754 1230 2794 liber
1257 2755 1305 2793 de
1332 2755 1446 2794 beata
1477 2757 1569 2801 vita,
1590 2761 1615 2777 “
1638 2755 1769 2795 idibus
1799 2758 2035 2798 Novembris

1130 2808 1192 2847 die
1227 2808 1314 2861 ejus
1349 2809 1496 2849 natali''
1536 2811 1597 2861 (§.
1627 2811 1689 2861 6.)
1731 2811 1922 2865 inceptus,
1959 2812 2035 2852 dis-

1132 2863 1394 2916 putationibus
1422 2871 1551 2904 autem
1589 2864 1780 2904 triduanis
1818 2866 2033 2915 confectus,

1130 2926 1167 2956 et
1186 2916 1276 2956 libri
1295 2919 1320 2956 2
1340 2918 1388 2957 de
1407 2919 1541 2959 ordine
1568 2918 1761 2969 (Retract.
1781 2920 1809 2959 l.
1829 2920 1855 2960 i.
1876 2933 1911 2959 c.
1933 2920 1997 2971 3.)

1183 2970 1196 3001 l
1230 2971 1531 3025 Soliloquiorum
1552 2973 1661 3012 Libri
1671 2975 1763 3017 duo,
1777 2980 1803 2995 “
1817 2976 2034 3015 secundum

1128 3026 1297 3065 studium
1316 3039 1445 3065 meum
1466 3036 1504 3067 et
1522 3028 1896 3068 amorem-ratione
1926 3030 2035 3068 inda-

1129 3082 1268 3130 gandae
1283 3080 1466 3129 veritatis,
1479 3083 1527 3121 de
1541 3081 1601 3121 his
1617 3083 1731 3122 rebus
1747 3096 1844 3135 quas
1863 3083 2034 3123 maxime

1128 3134 1228 3174 scire
1250 3135 1473 3188 cupiebam,
1493 3150 1554 3175 me
1582 3136 1837 3187 interrogans,
1859 3137 2033 3189 mihique

1129 3190 1379 3242 respondem,
1403 3197 1590 3243 tanquam
1617 3191 1694 3229 duo
1720 3203 1903 3237 essemus,
1936 3191 2032 3230 ratio

1132 3250 1170 3281 et
1189 3256 1273 3295 ego,
1295 3256 1385 3282 cum
1406 3244 1512 3283 solus
1529 3243 1764 3283 essem—ita
1790 3252 1834 3283 ut
1859 3244 1898 3283 in
1929 3246 2033 3284 lmo.

1133 3296 1231 3335 libro
1260 3307 1501 3350 quaereretur
1528 3306 1566 3337 et
1595 3305 1796 3349 utcunque
1814 3307 2032 3351 appareret,

1131 3350 1260 3402 qualis
1297 3364 1378 3390 esse
1416 3350 1570 3397 debeat,
1609 3351 1675 3403 qui
1709 3351 1795 3390 vult
1832 3351 2031 3405 percipere

1130 3403 1452 3456 sapientiam—et
1471 3405 1640 3456 quadam
1671 3404 1962 3446 ratiocinatione
1991 3406 2031 3446 in

1132 3457 1222 3496 libri
1254 3458 1329 3498 fine
1366 3458 1576 3510 colligitur,
1609 3471 1656 3497 ea
1692 3472 1780 3511 qua}
1819 3473 1910 3498 vera
1943 3468 2034 3500 sunt

1132 3511 1367 3550 immortalia
1394 3525 1501 3558 esse3
1542 3513 1581 3551 in
1601 3513 1694 3552 2do.
1722 3520 1852 3552 autem
1881 3515 1929 3553 de
1959 3514 2033 3553 im-

1131 3565 1364 3604 mortalitate
1382 3566 1524 3604 animae
1546 3566 1612 3606 diu
1643 3580 1703 3606 res
1732 3567 1871 3619 agitur,
1892 3575 1931 3607 et
1954 3581 2034 3609 non

1131 3631 1222 3671 pera
1252 3618 1369 3658 'tur.''
1397 3619 1572 3659 Retract.
1584 3620 1611 3659 l.
1626 3619 1649 3660 i.
1666 3634 1701 3661 c.
1719 3621 1756 3659 4.
1774 3621 1910 3675 Hujus
1922 3623 2035 3674 quasi

1130 3686 1230 3726 supp
1247 3679 1459 3719 emeritum,
1478 3674 1629 3729 scripsit
1647 3674 1782 3729 paullo
1801 3683 1886 3730 post
1905 3677 2034 3717 Medi-

1131 3726 1251 3774 olani,
1272 3726 1343 3767 lib.
1367 3727 1417 3768 de
1449 3728 1665 3770 Immortal.
1695 3729 1869 3778 Animoe,
1900 3732 2033 3786 (Opp.
