2378 4134
523 195 1124 254 CONFESSIONUM
1160 191 1399 246 LIBER
1435 190 1598 242 VIII.
1882 189 1984 239 129

142 333 407 391 accessuri
441 337 567 384 sunt
599 329 671 383 ad
703 328 926 396 gratiam
962 333 1126 391 tuam,
1152 324 1391 376 oblatum
1416 337 1534 372 esse
1560 318 1777 371 dicebat
1799 318 1986 370 Victo·

142 421 256 473 rino
293 436 327 470 a
359 415 680 486 presbyteris
717 419 778 465 ut
814 411 1067 465 secretius
1107 407 1368 470 redderet,
1406 405 1547 457 sicut
1579 403 1855 454 nonnullis
1892 401 1988 472 qui

141 499 458 558 verecundia.
502 497 815 567 trepidaturi
862 496 1184 549 videbantur
1232 490 1407 544 offerri
1454 505 1573 540 mos
1623 494 1768 549 erat3
1833 486 1988 538 illum

142 596 318 643 autem
359 584 611 638 maluisse
654 583 881 635 salutem
924 598 1075 633 suam
1113 579 1172 630 in
1213 581 1510 645 conspectu
1557 578 1758 625 sanctae
1807 571 1987 623 multi·

141 671 343 725 tudinis
388 667 640 738 profiteri.
723 668 850 718 Non
900 665 1043 717 enim
1091 669 1203 716 erat
1250 662 1395 714 salus
1443 676 1605 729 quam
1656 656 1887 709 docebat
1930 655 1989 706 in

139 756 416 819 rhetorica,
435 759 490 805 et
512 762 689 805 tamen
714 769 831 803 eam
857 750 1074 819 publice
1097 748 1369 818 professus
1392 751 1518 797 erat.
1575 743 1792 803 Quanto
1810 741 1989 793 minus

142 858 268 908 ergo
292 837 457 891 vereri
483 837 670 889 debuit
692 843 1030 888 mansuetum
1067 850 1282 901 gregem
1307 838 1459 883 tuum
1496 828 1851 899 pronuntians
1874 845 1988 879 ver-

141 928 268 979 bum
282 931 450 986 tuum,
467 922 562 992 qui
586 939 696 973 non
719 922 999 972 verebatur
1020 919 1078 970 in
1102 918 1278 970 verbis
1305 916 1417 968 suis
1443 916 1626 967 turbas
1646 911 1987 966 insanorum?

144 1012 331 1078 Itaque
355 1008 449 1060 ubi
474 1006 717 1059 ascendit
740 1013 801 1058 ut
824 1005 1082 1068 redderet,
1108 1020 1292 1054 omnes
1317 1001 1533 1053 sibimet
1567 999 1817 1063 invicem,
1844 999 1990 1068 quis-

143 1112 247 1166 que
269 1101 330 1145 ut
352 1111 475 1145 eum
499 1098 772 1155 noverant,
795 1091 1196 1160 instrepuerunt
1227 1105 1421 1139 nomen
1460 1085 1576 1155 ejus
1613 1086 1838 1154 strepitu
1874 1102 1990 1152 gra-

144 1179 429 1232 tulationis.
505 1177 640 1237 Quis
689 1183 866 1228 autem
914 1175 991 1227 ibi
1041 1193 1150 1226 non
1201 1191 1323 1226 eum
1371 1170 1626 1223 noverat?
1691 1172 1766 1222 Et
1815 1170 1995 1222 sonuit

143 1281 323 1334 presso
362 1262 539 1314 sonitu
575 1279 671 1330 per
708 1279 800 1312 ora
836 1267 1147 1312 cunctorum
1188 1256 1604 1311 collaetantium:
1663 1255 1994 1318 VictorinUS,

145 1349 446 1400 Victorinus
470 1345 480 1397 Ε
534 1346 657 1399 Cito
685 1352 976 1396 sonuerimt
1000 1343 1376 1406 exsultatione,
1403 1341 1532 1410 quia
1554 1339 1812 1391 videbant
1834 1357 1957 1391 eum
1979 1359 1993 1402 3

144 1439 198 1484 et
233 1432 339 1484 cito
378 1431 637 1483 siluerunt
671 1429 983 1492 intentione,
1020 1434 1082 1479 ut
1117 1426 1362 1479 audirent
1410 1442 1548 1476 eum.
1624 1424 1997 1475 Pronuntiavit

144 1516 233 1568 ille
268 1516 427 1567 fidem
460 1532 700 1567 veracem
739 1514 995 1582 praeclara
1023 1510 1243 1574 fiducia,
1275 1518 1329 1562 et
1364 1510 1618 1561 volebant
1653 1527 1838 1561 omnes
1871 1527 1994 1560 eum

145 1618 325 1669 rapere
358 1600 496 1651 intro
522 1600 579 1650 in
614 1616 705 1650 cor
737 1615 926 1660 suum3
965 1603 1019 1648 et
1041 1596 1324 1664 rapiebant
1349 1593 1576 1647 amando
1603 1601 1656 1645 et
1683 1593 1991 1661 gaudendo:

144 1687 228 1738 hae
254 1684 570 1754 rapientium
595 1702 785 1736 manus
812 1690 975 1735 erant.

218 1775 268 1821 6.
310 1772 459 1821 Deus
491 1771 650 1831 bone,
685 1767 815 1837 quid
845 1767 1019 1834 agitur
1052 1767 1107 1817 in
1140 1766 1375 1830 homine,
1402 1773 1461 1816 ut
1497 1768 1621 1834 plus
1660 1765 1891 1831 gaudeat
1928 1764 1994 1816 de

147 1858 314 1908 salute
340 1856 628 1924 desperatae
656 1855 865 1918 animae,
892 1862 945 1905 et
969 1853 1034 1905 de
1059 1854 1257 1923 majore
1283 1853 1524 1922 periculo
1549 1854 1807 1915 liberatae,
1834 1870 1996 1921 quam

149 1941 194 1991 si
237 1959 360 2010 spes
403 1941 453 1992 ei
493 1958 702 2009 semper
750 1940 1006 2003 affuisset,
1057 1946 1150 1991 aut
1197 1939 1495 2007 periculum
1544 1939 1722 1990 minus
1774 1936 1992 1989 fuisset?

148 2026 365 2076 Etenim
405 2034 462 2077 tu
504 2043 737 2094 quoque,
780 2024 1078 2076 misericors
1127 2025 1303 2087 Pater,
1347 2025 1472 2092 plus
1526 2024 1728 2090 gaudes
1771 2024 1837 2074 de
1887 2041 1995 2074 uno

141 2113 459 2178 paenitente,
485 2129 646 2180 quam
672 2112 738 2162 de
762 2113 1064 2178 nonaqinta
1089 2129 1270 2162 wocem
1296 2111 1488 2180 justi-3,
1515 2111 1708 2179 quibus
1734 2129 1839 2162 non
1866 2128 1997 2177 opus

147 2203 223 2246 est
261 2197 608 2261 poenitentia.
701 2197 777 2247 Et
827 2214 925 2247 nos
966 2214 1089 2247 cum
1126 2214 1322 2263 magna
1352 2196 1690 2266 jucunditate
1731 2196 1996 2260 audijS‚

148 2298 267 2332 611111
308 2280 552 2332 audimus
602 2298 765 2349 quam
807 2278 1240 2332 exsultantibus’
1273 2282 1504 2350 pastoris
1542 2282 1778 2333 humeris
1818 2301 1996 2351 repor-

152 2370 290 2415 tetur
314 2364 428 2416 ovis
466 2382 590 2432 quae
629 2371 912 2427 erraverat3
968 2372 1022 2416 et
1059 2365 1313 2417 drachma
1345 2366 1598 2417 referatur
1630 2367 1687 2417 in
1719 2368 1999 2418 thesauros

150 2457 286 2510 tuos,
320 2449 711 2500 collaetantibus
742 2449 933 2501 vicinis
965 2450 1173 2501 mulieri
1207 2469 1327 2519 quae
1362 2451 1592 2502 invenit:
1646 2460 1699 2503 et
1733 2453 2000 2519 lacrymas

150 2532 357 2584 excutit
382 2532 634 2599 gaudium
662 2534 1010 2585 solemnitatis
1037 2534 1227 2586 domus
1246 2541 1371 2598 tuae,
1388 2554 1510 2586 cum
1535 2536 1733 2602 legitur
1756 2537 1814 2587 in
1839 2537 1998 2588 domo

151 2627 243 2670 tua
276 2618 341 2669 de
376 2618 578 2669 minore
622 2618 735 2669 filio
775 2626 885 2683 1110,
915 2618 1182 2673 Quoniam
1216 2626 1461 2671 mortuus
1499 2628 1638 2684 erat,
1672 2628 1725 2672 et
1762 2624 1993 2678 revixit,-

144 2704 403 2768 perierat,
446 2709 498 2753 et
549 2704 798 2753 inventus
846 2709 939 2754 est.
1017 2702 1237 2754 Gaudes
1283 2705 1486 2773 quippe
1530 2706 1587 2756 in
1630 2706 1806 2770 nobis,
1851 2715 1904 2758 et
1942 2708 1998 2758 in

151 2788 371 2853 Angelis
397 2789 502 2840 tuis
528 2796 713 2840 sancta
738 2789 996 2842 charitate
1031 2790 1245 2842 sanctis.
1324 2792 1464 2842 Nam
1498 2799 1555 2843 tu
1594 2811 1803 2862 semper
1836 2794 1995 2858 idem,

154 2988 287 3040 regula
309 2993 338 3011 “
359 2990 512 3030 credere
541 3003 610 3030 nos
641 2990 680 3029 in
714 2991 845 3031 Deum
882 2992 1039 3031 Patrem

151 3042 463 3104 omnipotentem,
484 3045 588 3084 &c.'’
624 3045 771 3106 ·(Aug.
801 3046 925 3086 Serm.
943 3048 1041 3086 215.

153 3107 195 3132 m
228 3096 437 3136 redditione
470 3098 673 3150 symboli.)

1094 3005 1195 3040 cere,
1233 3005 1304 3032 nec
1340 3005 1428 3032 611111
1463 2992 1687 3037 didiceritis.
1716 2994 1895 3040 scribere,
1929 2996 1995 3034 sed

1093 3046 1278 3086 memoria
1305 3059 1456 3100 semper
1478 3055 1606 3087 tenere
1626 3055 1742 3101 atque
1758 3050 1998 3088 recolere.—

1096 3106 1122 3122 “
1142 3101 1229 3140 Hoc
1244 3108 1302 3140 est
1316 3101 1609 3141 Testamentum
1624 3103 1728 3155 quod
1743 3103 1929 3141 ordinabo
1945 3103 2000 3141 eis

1094 3160 1180 3207 post
1207 3154 1290 3193 dies
1317 3154 1448 3201 illos,’'
1464 3155 1559 3194 dicit
1590 3156 1797 3202 Dominus,
1819 3161 1844 3177 ‘⁸
1867 3157 1998 3194 dando

1101 3209 1227 3260 legem
1246 3220 1373 3247 meam
1394 3208 1434 3247 in
1454 3216 1582 3248 mente
1602 3222 1750 3256 eorum,
1766 3217 1805 3248 et
1823 3209 1863 3248 in
1882 3211 1998 3248 corde

1100 3274 1234 3300 eorum
1254 3261 1420 3301 scribam
1441 3263 1571 3302 eam.’'
1627 3263 1759 3314 Hujus
1778 3263 1832 3302 rei
1851 3263 1998 3316 signifi-

1101 3316 1237 3354 candae
1257 3327 1389 3361 causa,
1410 3316 1605 3355 audiendo
1631 3316 1861 3368 Symbolum
1882 3317 1999 3356 disci·

730 3105 756 3122 “¹
780 3099 857 3140 Die
890 3101 1041 3139 sabbati

158 3149 316 3198 quando
329 3148 520 3201 vigilaturi
533 3165 665 3191 sumus
683 3152 724 3191 in
741 3153 819 3192 Dei
830 3154 1040 3193 misericor-

157 3200 423 3246 dia‚reddituri
433 3203 521 3244 estis
533 3218 612 3244 non
623 3206 847 3246 Orationem
860 3208 926 3247 sed
940 3221 1045 3260 sym-

154 3253 304 3293 bolum.
325 3255 411 3305 (Id.
433 3256 555 3296 Serm.
572 3261 637 3298 58.
655 3261 687 3311 §.
702 3260 796 3310 ult.)
854 3262 937 3300 Ista
956 3275 1045 3314 quae

157 3307 320 3346 breviter
339 3309 511 3356 audistis,
530 3323 607 3351 non
635 3314 757 3352 solum
789 3316 959 3360 credere,
980 3315 1048 3354 sed

155 3359 269 3399 etiam
289 3361 445 3401 totidem
475 3365 600 3404 verbis
628 3367 821 3406 memoriae
850 3381 1047 3407 commen-

154 3413 246 3452 dare
264 3421 303 3452 et
320 3428 385 3454 ore
406 3416 570 3468 proferre
594 3419 751 3459 debetis.
805 3422 890 3472 (Id.
917 3422 1042 3462 Serm.

155 3468 247 3505 214.
268 3467 307 3506 in
332 3468 461 3507 tradit.
494 3469 630 3522 Symb.
649 3474 689 3511 3.
710 3478 743 3524 9.
762 3475 827 3525 2.)
884 3476 972 3514 Nec
1002 3483 1043 3514 ut

153 3520 287 3560 eadem
308 3523 423 3560 verba
445 3522 619 3574 Symboli
634 3526 808 3571 teneatis.
828 3529 909 3568 ullo
927 3530 1042 3568 modo

155 3572 302 3614 debetis
346 3576 528 3622 scribere,
561 3579 627 3617 sed
661 3580 851 3620 audiendo
896 3583 1039 3634 perdis·

1102 3375 1189 3418 tur;
1219 3381 1291 3407 nec
1310 3369 1348 3407 in
1371 3370 1514 3408 tabulis
1533 3370 1594 3408 vel
1621 3370 1660 3408 in
1680 3370 1813 3420 aliqua
1837 3371 2000 3410 materia

1096 3423 1164 3460 sed
1184 3423 1223 3460 in
1244 3423 1360 3460 corde
1386 3422 1574 3462 scribitur.
1643 3423 1730 3475 (Id.
1758 3423 1881 3463 Serm.
1901 3426 1998 3463 212.

1098 3476 1133 3524 §.
1150 3476 1213 3521 2.)
1236 3475 1325 3514 Vid.
1344 3482 1384 3514 et
1403 3476 1549 3529 Liturg.
1570 3476 1684 3515 Rom.
1706 3477 1880 3529 (Assem.
1900 3479 1999 3518 (Yod.

1098 3528 1249 3580 Liturg.
1278 3536 1305 3566 t.
1336 3528 1361 3566 i.
1393 3542 1434 3582 p.
1468 3532 1509 3568 ll
1543 3543 1627 3582 sqq.
1662 3530 1750 3578 16.)
1809 3532 1930 3571 Goth.
1961 3541 2000 3572 et

1098 3580 1242 3621 Gallie.
1265 3583 1328 3635 (p.
1345 3582 1398 3621 30
1414 3595 1496 3635 sqq.
1522 3598 1561 3639 p.
1581 3585 1631 3623 38
1652 3598 1709 3638 sq.
1731 3586 1782 3624 40
1794 3599 1852 3639 sq.
1871 3586 1973 3639 &c.)

1058 3665 1095 3700 K

2066 1767 2152 1806 ΙΙΙ.

2012 1822 2131 1869 Quod

2012 1877 2124 1915 Deus
2143 1884 2181 1914 et

2016 1930 2160 1981 Angeli

2012 1997 2137 2036 magis

2012 2040 2186 2088 gaudent

2011 2093 2050 2131 in
2071 2107 2163 2146 pec-

2013 2156 2187 2186 catorum

2011 2216 2170 2242 conver-

2011 2257 2133 2296 sione.

2015 2312 2112 2349 Luc.
2141 2314 2198 2350 15.
