2378 4134
199 1757 321 1798 Prov.
338 1757 380 1805 9,

202 2022 256 2063 Is.
282 2023 323 2070 6,
346 2023 384 2062 6.

203 3077 319 3116 Prov.
348 3078 388 3125 6,

198 3135 270 3174 26.

196 3190 341 3230 Sabat.

404 210 474 261 92
880 207 936 262 S.
976 207 1423 262 AUGUSTINI
1461 208 1826 264 EPISCOPI

401 339 735 395 interimeret
768 340 1072 410 ingenium.
1149 343 1356 395 Verum
1393 348 1594 409 autem,
1631 343 1894 410 Domine,
1933 347 1995 396 tu
2033 343 2128 414 qui
2165 362 2302 415 prae·

402 427 550 482 sides
584 428 969 497 gubernaculis
1000 429 1246 482 omnium
1273 447 1398 501 quae
1427 430 1642 496 creasti,
1667 448 1780 483 non
1807 449 1932 484 eum
1959 431 2163 484 oblitus
2189 449 2306 486 eras

399 502 643 569 futimnii
659 516 803 570 inter
826 516 974 569 filios
999 524 1123 570 tuos
1148 517 1448 570 antistitem
1469 519 1795 572 sacramenti
1818 518 1927 583 tui3
1957 524 2013 571 et
2035 525 2099 571 ut
2123 525 2307 589 aperte
2366 551 2371 556 ·

401 603 504 657 tibi
541 604 865 657 tribueretur
901 602 1020 674 ejus
1059 604 1346 671 correctiO,
1370 623 1472 674 per
1507 623 1596 658 me
1628 605 1852 676 quidem
1887 605 2056 671 illam,
2085 605 2183 658 sed
2212 625 2307 659 ne-

404 691 668 745 scientem
709 698 963 762 operatus
990 708 1064 743 es.
1145 692 1291 743 Nam
1325 691 1566 762 quodam
1605 692 1694 745 die
1734 711 1860 746 cum
1901 692 2143 745 sederem
2181 693 2304 747 loco

404 779 585 844 solit0,
618 785 670 831 et
704 796 887 831 coram
925 795 1013 829 me
1048 776 1304 831 adessent
1343 778 1620 849 discipuli,
1653 781 1823 845 venit,
1851 779 2123 846 salutavit,
2150 779 2309 847 sedit,

403 873 568 937 atque
606 866 666 917 in
704 883 769 918 ea
809 883 932 935 quae
974 865 1277 932 agebantur
1316 865 1558 918 animum
1593 866 1865 920 intendit:
1907 875 1962 920 et
1986 867 2121 920 forte
2143 867 2308 921 lectio

400 954 460 1006 in
498 953 753 1006 manibus
793 958 923 1016 erat,
965 970 1132 1022 quam
1171 950 1303 1004 dum
1342 971 1694 1024 exponerem,
1733 961 1789 1008 et
1826 962 2135 1025 opportune
2172 955 2309 1008 mihi

403 1038 718 1093 adhibenda
755 1037 1029 1091 videretur
1073 1037 1375 1091 similitudo
1427 1040 1789 1107 Circensium,
1829 1061 1940 1113 quo
1978 1042 2118 1095 illud
2161 1041 2311 1113 quod

400 1127 750 1179 insinuabam
787 1132 842 1178 et
875 1124 1176 1197 jucundius
1208 1133 1263 1178 et
1293 1127 1514 1196 planius
1542 1127 1714 1193 fieret,
1741 1148 1868 1183 cum
1891 1129 2143 1182 irrisione
2168 1148 2309 1182 mor-

403 1213 528 1267 daci
553 1232 741 1266 eorum
770 1231 909 1284 quos
935 1213 1032 1266 illa
1058 1213 1393 1283 captivasset
1418 1215 1661 1281 insania3
1700 1222 1763 1269 tu
1784 1217 1910 1282 8318,
1929 1218 2085 1269 Deus
2110 1224 2310 1282 noster,

403 1301 554 1374 quod
577 1307 708 1354 tunc
737 1300 804 1353 de
831 1300 1035 1370 Alypio
1077 1301 1146 1352 ab
1186 1301 1282 1353 illa
1309 1309 1465 1371 peste
1506 1303 1751 1356 sanando
1788 1323 1902 1357 non
1941 1304 2307 1373 cogitaverim.

402 1391 478 1443 At
508 1390 600 1442 ille
630 1389 688 1440 in
724 1406 781 1441 se
815 1388 1014 1458 rapuit,
1042 1405 1241 1459 meque
1280 1389 1419 1442 illud
1456 1409 1570 1443 non
1607 1392 1716 1444 nisi
1753 1398 1978 1462 propter
2010 1410 2067 1445 se
2102 1391 2312 1444 dixisse

402 1476 649 1530 credidit.
725 1477 805 1528 Et
848 1474 999 1546 quod
1044 1475 1183 1528 alius
1229 1476 1502 1547 acciperet
1547 1478 1618 1531 ad
1665 1479 2102 1533 succensendum
2151 1479 2309 1544 mihi,

403 1567 622 1638 accepit
647 1567 915 1619 honestus
946 1565 1268 1619 adolescens
1304 1566 1375 1618 ad
1408 1568 1845 1621 succensendum
1879 1569 2003 1634 sibi,
2032 1575 2086 1622 et
2118 1569 2187 1622 ad
2220 1587 2309 1622 me

404 1654 684 1708 ardentius
720 1653 1078 1722 diligendum.
1156 1654 1397 1707 Dixeras
1434 1655 1580 1707 enim
1615 1663 1675 1708 tu
1701 1656 1819 1727 jam
1859 1658 2007 1722 olim,
2036 1665 2090 1710 et
2113 1658 2310 1710 innex-

404 1761 562 1795 ueras
590 1742 811 1796 Litteris
837 1742 974 1795 tuis:
1028 1742 1258 1809 Corripe
1291 1744 1616 1810 sapientem,
1642 1752 1695 1796 et
1723 1744 1937 1797 amabit
1964 1752 2032 1797 te.
2108 1746 2184 1797 At
2207 1763 2311 1812 ego

404 1833 560 1885 illum
585 1831 702 1903 jam
728 1849 840 1883 non
868 1832 1267 1902 corripueram3
1315 1831 1413 1884 sed
1438 1840 1599 1885 utens
1626 1839 1687 1885 tu
1712 1834 1986 1900 omnibus,
2012 1842 2067 1886 et
2092 1834 2310 1887 scienti-

404 1922 511 1974 bus
550 1928 605 1974 et
642 1921 1036 1986 nescientibus,
1064 1921 1253 1975 ordine
1292 1940 1402 1992 quo
1436 1922 1602 1988 nosti,
1630 1930 1684 1975 et
1708 1923 1801 1975 ille
1830 1922 1961 1975 ordo
1991 1922 2177 1993 justus
2211 1930 2311 1988 est,

408 2011 476 2064 de
504 2010 667 2064 corde
694 2017 749 2063 et
772 2007 966 2079 lingua
991 2030 1114 2065 mea
1140 2014 1406 2065 carbones
1443 2012 1694 2065 ardentes
1721 2019 1976 2082 operatus
2003 2031 2079 2078 eS,
2109 2013 2311 2083 quibus

405 2106 645 2152 mentem
673 2099 790 2169 spei
814 2100 977 2151 bonae
1004 2098 1258 2153 adureres
1285 2101 1674 2165 tabescentem,
1702 2119 1766 2153 ac
1793 2119 2028 2153 83113138.
2106 2101 2313 2153 Taceat

404 2187 598 2240 laudes
626 2195 745 2239 tuas
773 2187 870 2256 qui
894 2187 1272 2240 miserationes
1306 2198 1427 2239 tuas
1461 2205 1575 2239 non
1606 2186 1934 2253 considerat,
1962 2206 2085 2257 quae
2110 2188 2214 2239 tibi
2242 2186 2310 2239 de

404 2277 662 2330 medullis
687 2276 824 2328 meis
853 2276 1200 2329 confitentur.
1277 2277 1501 2330 Etenim
1532 2277 1625 2329 ille
1660 2283 1790 2346 post
1821 2277 1917 2330 illa
1948 2278 2116 2329 verba
2138 2277 2309 2346 prori-

405 2367 530 2437 puit
555 2385 613 2419 se
641 2385 713 2419 ex
739 2365 896 2418 fovea
927 2374 1038 2419 tam
1075 2368 1201 2433 alta,
1230 2386 1340 2438 qua
1371 2367 1607 2419 libenter
1642 2365 2075 2434 demergebatur,
2102 2373 2156 2418 et
2183 2385 2310 2419 cum

406 2453 707 2507 miserabili
746 2453 1067 2523 voluptate*
1108 2455 1444 2519 caecabatur3
1510 2460 1566 2507 et
1608 2454 1857 2507 excussit
1900 2454 2141 2507 animum
2186 2454 2310 2507 forti

405 2540 785 2612 temperantia,
822 2547 876 2593 et
912 2541 1239 2595 resiluerunt
1276 2559 1466 2594 omnes
1507 2541 1850 2594 Circensium
1890 2541 2077 2594 sordes
2117 2542 2185 2594 ab
2225 2560 2310 2607 3ο,

406 2630 755 2699 ampliusque
791 2628 925 2680 illuc
964 2647 1077 2680 non
1118 2629 1367 2682 accessit.
1446 2628 1664 2681 Deinde
1701 2637 1913 2699 patrem
1954 2630 2310 2682 reluctantem

404 2717 588 2783 evicit,
626 2725 689 2768 ut
726 2735 813 2768 me
851 2716 1114 2783 magistro
1154 2723 1422 2769 uteretur:
1477 2716 1645 2769 cessit
1681 2717 1774 2769 ille
1814 2723 1978 2788 atque
2018 2715 2308 2769 concessit.

405 2805 483 2856 Et
520 2803 707 2856 audire
744 2822 831 2855 me
869 2821 1057 2854 rursus
1095 2803 1388 2873 incipienS,
1423 2804 1520 2855 illa
1556 2822 1773 2856 mecum
1806 2804 2190 2873 superstitione
2224 2804 2307 2855 in-

404 2892 625 2944 volutus
662 2898 765 2955 est,
793 2908 981 2943 amans
1019 2890 1079 2941 in
1112 2890 1444 2943 Manichaeis
1472 2886 1912 2943 ostentationemi
1938 2891 2307 2956 continentiae,

407 2997 574 3050 quam
597 2996 780 3031 veram
806 2983 860 3030 et
887 2994 1197 3044 germanam
1222 2977 1466 3045 putabat.
1543 2978 1680 3029 Erat
1712 2984 1893 3030 autem
1917 2977 2013 3029 illa
2037 2996 2226 3030 vecors
2253 2984 2307 3029 et

408 3061 733 3127 seductoria,
758 3066 1036 3130 pretiosas
1069 3065 1290 3115 animas
1320 3070 1572 3131 captate-9,
1597 3062 1843 3116 nondum
1876 3064 2088 3117 virtutis
2124 3065 2314 3118 altitu--

467 3218 478 3240 ¹
512 3214 676 3269 Accipis
695 3215 977 3278 evangelium?
1043 3215 1108 3255 Tu
1128 3228 1191 3255 me
1210 3214 1331 3255 inter-

411 3283 540 3333 rogas,
564 3279 695 3310 utrum
717 3271 926 3326 accipiam,
944 3271 985 3310 in
1014 3284 1094 3324 quo
1126 3271 1167 3311 id
1201 3270 1328 3325 ipsum

1389 3227 1493 3261 rens,
1526 3221 1566 3254 et
1595 3215 1741 3267 quaeris
1773 3227 1796 3253 a
1825 3228 1904 3263 me,
1938 3222 2071 3254 utrum
2107 3214 2303 3269 accipiam

1387 3270 1664 3321 evangelium
1655 3271 1671 3298 ⁷
1730 3271 1859 3311 Vides
1881 3271 1920 3310 in
1943 3284 2004 3310 me
2027 3270 2177 3311 Christi
2206 3271 2301 3310 bea-

411 3326 594 3379 accipere
616 3334 798 3382 apparet,
811 3328 921 3380 quia,
942 3340 1032 3380 quae
1048 3326 1180 3381 jubet.
1195 3328 1332 3366 obser-

409 3394 459 3420 vo
471 3383 634 3434 i-Ego
655 3390 808 3435 patrem
832 3382 967 3423 dimisi
988 3389 1028 3422 et
1045 3390 1230 3429 matrem,
1253 3396 1328 3421 ux-

410 3449 535 3484 orem,
564 3437 670 3477 filios
698 3446 739 3478 et
768 3446 915 3486 cetera,
945 3451 1036 3490 quae
1072 3438 1327 3491 evangelium

403 3491 536 3546 jubet,
575 3500 616 3532 ct
665 3493 901 3547 interrogas,
946 3500 1081 3533 utrum
1131 3494 1327 3549 accipiam

409 3549 665 3602 evangelium
679 3551 843 3603 l--Ego
870 3556 1082 3602 argentum
1115 3556 1155 3589 et
1186 3563 1328 3590 aurum

410 3603 546 3657 rejeci,
590 3611 630 3644 et
668 3618 724 3644 aes
761 3605 803 3644 in
843 3605 952 3645 zonis
987 3604 1135 3645 habere
1176 3604 1326 3653 destiti,

408 3659 644 3712 quotidiano
670 3667 882 3702 contentus
911 3661 1017 3706 cibo,
1040 3674 1114 3700 nec
1141 3659 1192 3700 de
1217 3673 1324 3701 cras·

409 3714 495 3754 tino
523 3727 682 3762 curans,
704 3730 778 3756 nec
810 3715 918 3757 unde
945 3723 1086 3757 venter
1112 3716 1328 3770 impleatur

405 3778 482 3812 aut
511 3782 657 3825 corpus
682 3770 899 3827 operiatur,
927 3771 1225 3813 solicitudinem
1256 3784 1325 3825 ge-

1387 3325 1582 3366 titudines
1601 3326 1708 3373 illas,
1729 3339 1820 3380 quae
1847 3326 2102 3378 evangelium
2132 3325 2301 3372 faciunt,

1387 3388 1427 3420 et
1466 3381 1700 3434 interrogas,
1742 3389 1873 3422 utrum
1915 3382 2019 3423 illud
2070 3382 2305 3436 accipiam?

1386 3435 1515 3476 Vides
1556 3451 1791 3492 pauperem,
1835 3437 1946 3478 vides
1995 3437 2149 3483 mitem,
2191 3436 2302 3477 vides

1383 3492 1613 3555 pacificum,
1645 3507 1745 3547 puro
1781 3492 1900 3534 corde
1938 3495 2156 3544 lugentem,
2177 3493 2301 3532 esuri-

1383 3555 1533 3596 entem,
1564 3548 1781 3599 sitientem,
1810 3550 2109 3612 persecutiones
2139 3555 2179 3588 et
2208 3547 2301 3587 odia

1385 3603 1646 3645 sustinentem
1668 3613 1828 3660 propter
1842 3604 2057 3658 justitiam,
2070 3612 2109 3645 et
2123 3603 2300 3647 dubitas,

1383 3665 1517 3756 ptrum
1550 3659 1745 3714 accipiam
1779 3660 2062 3714 evangelium'!
2111 3660 2298 3705 Faustus.

1436 3728 1460 3755 v
