2378 4134
350 225 446 274 -36

194 2210 324 2249 VIII.

169 2266 320 2305 Contra

167 2321 305 2360 Mani-

165 2376 298 2415 chaeos

167 2432 266 2471 dicit

165 2501 256 2541 quae
287 2487 357 2526 fla-

166 2546 265 2594 gitia

164 2612 321 2655 semper

167 2655 300 2695 detes·

165 2712 306 2756 tanda.

166 2779 259 2817 quae
280 2768 337 2808 sa-

166 2823 317 2861 cinora.

168 2890 214 2927 M
222 2896 273 2929 at.
287 2891 355 2935 22,

167 2944 345 2984 37—39.

852 223 906 277 S.
950 225 1394 280 AUGUSTINI
1436 226 1796 282 EPISCOPI

375 362 542 409 cetur.
609 356 896 428 Numquid
919 356 1134 429 justitia
1160 360 1306 412 varia
1332 368 1414 413 est
1437 367 1493 413 et
1516 361 1798 415 mutabilis
1820 361 1838 414 ?
1882 360 1993 415 Sed
2026 367 2274 432 tempora

375 442 577 513 quibus
602 444 878 513 praesidet,
896 463 1010 498 non
1028 445 1231 516 pariter
1249 454 1406 512 eunt;
1447 454 1694 518 tempora
1712 448 1856 501 enim
1874 454 2016 501 sunt.
2078 449 2273 500 Homi-

372 548 471 582 nes
498 538 678 583 autem
706 550 938 602 quorum
965 532 1077 585 vita
1104 550 1267 603 super
1291 539 1487 587 terram
1511 534 1694 587 brevis
1713 543 1810 602 est,
1832 535 1962 605 quia
1980 553 2143 587 sensu
2160 553 2273 588 non

374 618 557 671 valent
592 637 785 672 causas
821 627 1112 673 contexere
1140 622 1464 674 saeculorum
1489 622 1750 692 priorum,
1776 622 2114 693 aliarumque
2142 641 2273 691 gen·

373 705 508 759 tium
544 725 682 777 quas
718 708 931 777 experti
966 726 1078 760 non
1115 716 1257 774 sunt,
1295 726 1420 761 cum
1452 709 1543 762 his
1578 728 1716 780 quas
1761 710 1976 780 experti
2017 718 2174 774 sunt3
2214 710 2272 762 in

375 811 485 845 uno
521 801 701 847 autem
736 813 980 864 corpore,
1017 797 1102 847 vel
1142 795 1249 860 die,
1282 796 1368 848 vel
1405 795 1586 861 dom0,
1621 797 1783 850 facile
1821 805 2056 867 possunt
2091 796 2275 850 videre

376 880 512 951 quid
528 882 615 934 cui
633 883 894 946 membre,
916 883 1118 953 quibus
1137 884 1446 948 1110111611118,
1467 884 1672 954 quibus
1687 885 1940 955 partibus
1957 884 2275 954 personisve

375 975 669 1036 congruat:
711 969 770 1020 in
794 969 906 1021 illis
932 967 1324 1035 offendunturf‚
1351 971 1440 1022 his
1468 971 1723 1024 serviunt.

454 1060 537 1108 14.
579 1058 722 1109 Haec
751 1074 852 1124 ego
881 1063 1009 1109 tunc
1036 1058 1372 1124 nesciebam,
1400 1065 1454 1111 et
1477 1077 1588 1111 non
1616 1057 1962 1112 advertebam
1986 1079 2001 1123 ;
2041 1066 2094 1111 et
2118 1059 2276 1111 ferie·

373 1144 506 1195 bant
530 1143 774 1213 undique
800 1143 906 1196 ista
932 1145 1122 1196 oculos
1148 1163 1316 1211 111608,
1343 1152 1398 1198 61
1421 1165 1533 1198 11011
1560 1146 1830 1199 videbam.
1884 1148 1962 1199 Et
1986 1148 2274 1200 cantabam

373 1233 631 1297 carmina,
660 1238 714 1284 et
737 1251 850 1284 non
874 1234 1010 1285 mihi
1036 1235 1242 1287 licebat
1259 1253 1462 1305 ponere
1481 1235 1679 1305 pedem
1697 1236 1998 1306 quemlibet
2019 1236 2274 1301 ubilibet,

374 1318 471 1371 sed
508 1320 566 1371 in
607 1320 715 1372 alio
756 1328 920 1391 atque
960 1322 1067 1373 alio
1106 1330 1276 1375 metro
1323 1323 1480 1375 aliter
1519 1332 1682 1393 atque
1729 1323 1916 1387 aliter3
1957 1331 2012 1376 et
2052 1323 2111 1374 in
2156 1342 2271 1376 uno

373 1407 560 1477 aliquo
587 1425 763 1472 versu,
790 1427 901 1460 non
930 1409 1185 1461 omnibus
1210 1410 1348 1462 10618
1377 1410 1629 1463 eumdem
1655 1409 1872 1480 pedem.
1938 1411 2016 1462 Et
2042 1429 2127 1463 ars
2152 1410 2275 1480 ipsa

374 1513 484 1564 qua
509 1496 793 1555 canebam,
819 1514 932 1547 non
968 1496 1211 1549 habebat
1246 1497 1395 1549 aliud
1430 1498 1580 1562 alibi,
1611 1497 1708 1549 sed
1734 1497 1917 1550 omnia
1944 1498 2121 1551 simul.
2199 1500 2276 1550 Et

372 1600 482 1632 non
521 1581 775 1634 intuebar
795 1582 1065 1653 justitiam
1107 1584 1196 1636 cui
1237 1584 1500 1637 servirent
1534 1585 1670 1636 boni
1704 1592 1758 1637 et
1792 1585 1966 1637 sancti
1998 1585 2273 1650 homines,

371 1669 534 1736 longe
562 1669 926 1721 excellentius
963 1679 1127 1740 atque
1167 1671 1456 1723 sublimius
1487 1672 1689 1724 habere
1729 1671 1889 1723 simul
1926 1671 2110 1724 omnia
2148 1691 2272 1742 quac

370 1752 690 1824 praecepit*,
718 1763 773 1808 et
796 1757 949 1809 nulla
983 1775 1054 1810 ex
1091 1765 1244 1826 parte
1281 1758 1493 1823 variari,
1521 1766 1575 1811 et
1601 1765 1783 1811 tamen
1817 1759 1981 1811 variis
2019 1759 2275 1829 tempori-

370 1844 476 1895 bus
502 1862 615 1894 non
642 1844 826 1896 01111116
852 1844 1032 1909 81111111,
1060 1845 1156 1897 86(1
1181 1845 1403 1915 propria
1430 1846 1841 1900 distribuentem
1863 1866 1926 1900 ac
1947 1846 2273 1916 praecipien-

371 1938 495 1982 tem.
575 1931 652 1983 Et
675 1931 1140 2001 reprehendebam
1179 1952 1360 1985 caecus
1388 1934 1509 2003 pios
1534 1940 1747 2003 patres3
1787 1953 1899 1987 non
1927 1935 2103 1986 solum
2133 1933 2275 1986 sicut

373 2018 530 2069 Deus
548 2017 770 2087 juberet
796 2026 958 2088 atque
987 2019 1278 2089 inspiraret
1301 2029 1515 2073 utentes
1533 2021 1915 2089 praesentibus,
1932 2039 2119 2073 verum
2140 2038 2274 2090 quo-

373 2123 479 2175 que
509 2104 651 2158 sicut
677 2107 831 2157 Deus
857 2107 1118 2159 revelaret
1143 2106 1324 2159 futura
1349 2107 1779 2176 praenuntiantes
1790 2114 1823 2158 8.

451 2194 532 2243 15.
576 2192 863 2262 Numquid
902 2193 1197 2263 aliquando
1238 2202 1331 2246 aut
1368 2194 1572 2247 alicubi
1612 2194 1875 2264 injustum
1915 2202 1997 2247 681
2040 2195 2275 2260 diliyere

369 2280 554 2331 Deum
595 2298 666 2331 ex
702 2286 810 2331 toto
843 2281 1020 2345 corde,
1054 2287 1108 2332 et
1142 2300 1214 2333 ex
1254 2288 1369 2333 tota
1402 2283 1615 2346 anima,
1643 2289 1698 2334 et
1732 2301 1804 2334 esc
1842 2289 1956 2333 tota
1991 2289 2191 2346 mente,
2218 2289 2273 2334 et

370 2366 600 2434 diliyere
632 2369 958 2434 proximum
1009 2375 1277 2437 tanquam
1315 2370 1551 2436 seipsum
1571 2367 1598 2419 ,9
1666 2371 1862 2439 Itaque
1897 2368 2106 2437 flagitia
2146 2387 2271 2439 quae

374 2461 499 2506 sunt
549 2461 739 2506 contra
788 2462 1053 2519 naturam,
1098 2455 1306 2524 ubique
1351 2474 1414 2508 ac
1462 2474 1675 2526 semper
1730 2455 2050 2509 detestanda
2105 2463 2271 2526 atque

371 2540 651 2610 punienda
687 2548 830 2605 sunt,
871 2542 1057 2611 qualia
1092 2541 1493 2595 Sodomitarum
1527 2543 1758 2596 fuerunt.
1838 2545 1976 2604 Quae
2005 2543 2050 2595 si
2079 2561 2270 2595 01111168

373 2635 559 2697 gentes
584 2628 841 2692 facerent,
869 2627 1059 2680 eodem
1095 2628 1335 2681 criminis
1372 2636 1525 2682 reatu
1564 2630 1750 2683 divina
1783 2632 1905 2699 lege
1942 2637 2268 2694 tenerentur,

373 2735 495 2785 quae
521 2734 632 2767 non
660 2716 738 2768 sic
765 2716 893 2768 fecit
918 2716 1169 2768 homines
1195 2723 1257 2768 ut
1277 2734 1333 2768 86
1352 2716 1448 2768 1110
1468 2725 1744 2770 111616111111·
1761 2717 1940 2770 111οᾶ0.
2019 2717 2271 2770 Violatur

373 2803 583 2872 quippe
619 2803 743 2872 ipsa
781 2803 1012 2856 societas
1051 2822 1174 2873 quae
1215 2823 1338 2856 cum
1378 2805 1500 2857 Deo
1544 2805 1706 2857 nobis
1749 2823 1868 2857 6886
1915 2804 2094 2868 debet,
2142 2822 2267 2856 611111

373 2888 564 2941 eadem
590 2897 799 2953 natura,
827 2889 985 2959 cujus
1020 2890 1114 2941 ille
1154 2897 1342 2942 auctor
1369 2897 1470 2954 est,
1495 2890 1745 2943 libidinis
1771 2891 2124 2961 perversitate
2150 2892 2271 2960 pol-

428 3007 444 3038 f
477 3014 526 3053 In
558 3013 634 3054 hoc
661 3014 764 3053 enirn
797 3014 970 3054 sensibili
1000 3015 1150 3054 mundo
1180 3014 1298 3055 vehe-

372 3076 525 3109 menter
545 3069 875 3109 considerandum
904 3077 978 3118 est,
998 3070 1093 3123 quid
1122 3070 1170 3109 sit
1199 3077 1298 3110 tem-

373 3137 448 3177 pus
468 3131 507 3164 et
526 3125 663 3173 locus3
706 3131 751 3164 ut
776 3125 883 3178 quod
906 3125 1080 3165 delectat
1105 3125 1145 3164 in
1172 3134 1298 3178 parte,

371 3179 452 3219 sive
472 3179 551 3219 loci
571 3179 649 3219 sive
679 3179 878 3233 temporis,
899 3179 1146 3232 intelligatur
1165 3187 1298 3220 tamen

372 3234 500 3275 multo
528 3248 612 3275 esse
638 3235 781 3275 melius
806 3242 949 3281 totum,
970 3236 1084 3288 cujus
1113 3235 1184 3275 illa
1211 3248 1300 3290 pars

372 3296 432 3330 est
450 3306 459 3329 :
490 3297 529 3330 et
544 3304 677 3330 rursus
696 3291 801 3344 quod
823 3291 986 3331 offendit
1004 3291 1044 3330 in
1065 3298 1190 3345 parte.
1211 3305 1299 3344 per-

373 3345 556 3398 spicuam
587 3345 637 3385 sit
664 3345 815 3385 homini
844 3347 976 3393 docto,
1006 3360 1086 3386 non
1113 3345 1165 3386 ob
1189 3346 1301 3386 aliud

373 3401 588 3447 offendere,
620 3400 692 3440 nisi
725 3401 821 3455 quia
855 3415 935 3441 non
970 3401 1125 3442 videtur
1157 3408 1299 3447 totum,

374 3455 439 3495 cui
460 3469 550 3509 pars
570 3455 640 3495 illa
656 3455 888 3496 mirabiliter
903 3456 1097 3511 congruit.
1129 3456 1237 3511 Aug.
1250 3458 1299 3497 de

376 3511 544 3557 Ordine,
565 3512 605 3551 b.
624 3511 666 3552 ii.
685 3525 723 3552 6.
745 3512 810 3552 19.

430 3571 449 3602 g
483 3568 578 3614 Qua
596 3567 635 3605 in
653 3580 694 3606 re
715 3566 791 3607 hoc
813 3567 983 3620 primum
1011 3566 1117 3613 dico,
1139 3566 1296 3608 illorum

376 3619 580 3661 hominum
623 3635 702 3662 non
745 3630 897 3662 tantum
942 3622 1120 3676 linguam
1159 3635 1295 3663 verum

1354 3014 1472 3055 fuisse
1493 3015 1742 3070 prophetam.
1789 3013 1991 3063 Quocirca
2009 3015 2114 3068 quod
2135 3015 2187 3053 ad
2205 3027 2273 3054 eos

1355 3070 1513 3124 quidem
1531 3071 1694 3113 adtinet.
1710 3070 1777 3124 qui
1789 3069 1873 3109 illic
1886 3077 1999 3109 erant
2012 3072 2274 3110 eruditicorde

1355 3128 1397 3165 in
1418 3127 1608 3178 sapiencia
1630 3126 1721 3174 Dei,
1743 3125 1834 3177 [Ps.
1852 3126 2000 3172 89,12.
2024 3125 2173 3177 Vulg.]
2192 3138 2271 3164 non

1354 3181 1481 3221 solum
1503 3181 1542 3221 in
1562 3181 1609 3221 iis
1627 3194 1717 3234 quae
1737 3180 1940 3226 dicebant,
1955 3181 2023 3220 sed
2038 3179 2154 3219 etiam
2171 3179 2211 3219 in
2227 3179 2273 3220 iis

1355 3250 1446 3289 quae
1466 3236 1664 3276 faciebant
1681 3250 1691 3283 ;
1721 3236 1827 3290 quod
1841 3243 1970 3276 autem
1994 3236 2044 3274 ad
2059 3241 2207 3274 ceteros
2222 3248 2270 3274 ac

1355 3291 1472 3331 simul
1501 3305 1638 3331 omnes
1667 3290 1772 3331 illius
1801 3290 1926 3343 gentis
1954 3290 2145 3336 homines,
2166 3289 2271 3329 iniis

1356 3360 1448 3399 quae
1468 3346 1508 3386 in
1530 3346 1607 3386 illis
1627 3346 1689 3386 vel
1716 3347 1765 3386 de
1794 3345 1871 3386 illis
1896 3345 2080 3386 divinitus
2106 3345 2285 3392 fiebant,.

1356 3401 1563 3456 prophetia
1603 3401 1757 3441 venturi
1797 3401 1944 3441 Christi
1989 3408 2030 3441 et
2077 3399 2270 3440 Ecclesiae

1357 3457 1641 3511 perscrutanda
1659 3463 1730 3497 est.
1770 3456 1919 3496 Omnia
1936 3455 2041 3496 enim
2061 3455 2148 3502 illa,
2167 3454 2270 3495 sicut

1354 3512 1451 3552 dicit
1479 3512 1711 3566 Apostolus,
1741 3513 1786 3563 (l
1813 3511 1907 3551 Cor.
1937 3512 2002 3555 10.
2033 3511 2097 3562 6.)
2114 3511 2270 3564 figurae

1355 3569 1691 3622 uostraefuerunt.
1735 3567 1779 3607 S.
1795 3566 1902 3621 Aug.
1921 3580 1957 3606 c.
1976 3567 2110 3606 Faust.
2125 3566 2153 3605 1.
2169 3564 2267 3605 xxii.

1354 3636 1392 3663 6.
1417 3625 1485 3663 24.
1549 3627 1576 3643 “
1605 3622 1762 3662 Scimus
1789 3629 1938 3667 autem,
1958 3620 2062 3661 sicut
2087 3619 2268 3668 vocibus,

374 3675 491 3715 etiam
518 3677 637 3716 vitam
666 3676 784 3718 fuisse
813 3677 1116 3731 propheticam;
1147 3683 1292 3718 totum·
1349 3677 1406 3718 ita
1450 3685 1490 3718 et
1536 3678 1654 3718 rebus
1700 3677 1998 3732 prophetarum,
2035 3681 2117 3715 tam
2154 3674 2270 3714 dictis

374 3743 454 3783 que
468 3729 569 3770 illud
586 3744 750 3784 regnum
766 3733 892 3786 gentis
905 3732 1166 3774 Hebraeorum
1179 3746 1291 3787 mag-

1349 3746 1470 3787 quam
1505 3740 1544 3773 et
1578 3732 1692 3772 factis
1723 3732 1961 3787 praedicatur
1993 3728 2268 3770 resurrectio.’'

375 3797 470 3824 num
488 3786 716 3839 quemdam,
732 3787 827 3841 quia
839 3794 879 3828 61
892 3788 1035 3842 Magni
1049 3787 1291 3843 Cujusdam,
1350 3787 1521 3833 Tertull.
1540 3789 1589 3828 de
1612 3787 1774 3830 Resurr.
1795 3787 1920 3828 Carn.
1941 3799 1978 3827 c.
1997 3785 2065 3826 28.
