2378 4134
526 215 1127 272 CONFESSIONUM
1166 213 1404 267 LIBER
1438 212 1605 265 XIII.
1885 215 1992 265 265

66 411 71 422 ¹
144 350 433 423 praeposito
467 348 563 401 illo
597 348 701 401 sibi
738 346 809 401 ad
840 346 1226 413 auctoritatem,
1256 345 1358 397 sub
1395 361 1503 414 quo
1539 343 1824 395 volitarent
1858 358 1992 412 quo-

75 426 87 431 *
145 435 375 506 eumque
414 435 567 487 irent.
641 434 834 502 Neque
883 433 1027 484 enim
1067 437 1198 484 eunt
1237 430 1455 500 loquelae
1499 446 1671 498 neque
1718 444 1994 492 sermones,
2007 436 2189 484 Ps.18,4.

145 539 370 594 quorum
395 539 502 573 non
526 520 834 572 audiantur
858 537 1004 572 voces
1026 535 1230 581 eorum,
1247 515 1464 587 quando
1483 517 1542 567 in
1562 533 1770 589 omnem
1790 522 1993 568 terram
2006 493 2046 531 ⁵·

144 609 285 660 exiit
307 624 468 658 sonus
490 622 693 669 eorum,
717 611 771 656 et
802 606 861 656 in
877 605 1034 672 fines
1056 603 1196 656 orbis
1222 609 1382 654 terroe
1404 599 1562 652 verba
1587 617 1770 652 eorum
1782 621 1801 658 ;
1863 619 1995 671 quo-

146 691 292 744 niam
317 698 394 755 tu,
419 689 670 752 Domine,
698 689 1055 741 benedicendo
1079 687 1466 754 multiplicasti
1488 685 1624 737 haec.

218 782 304 828 27.
344 775 628 846 Numquid
674 776 919 840 mentior,
963 782 1056 828 aut
1098 775 1362 827 mixtione
1403 772 1624 836 miseeO,
1667 789 1845 841 neque
1888 770 1997 823 dis-

145 861 332 929 tinguo
363 859 572 912 lucidas
611 860 952 927 cognitiones
984 860 1176 912 harum
1206 877 1379 911 rerum
1405 858 1460 909 in
1489 858 1823 909 firmamento
1853 856 1997 919 eoeli,

148 953 202 998 et
231 963 394 1014 opera
427 945 725 1014 corporalia
754 945 809 996 in
845 944 1054 997 undoso
1086 945 1236 1009 mari,
1263 951 1318 997 et
1343 942 1443 995 sub
1472 943 1804 994 firmamento
1834 941 1994 994 coeli?

150 1031 386 1090 Quarum
427 1029 570 1081 enim
607 1046 782 1080 rerum
819 1029 1026 1081 notitiae
1066 1035 1191 1080 sunt
1229 1027 1433 1093 solidae,
1467 1034 1520 1079 et
1551 1026 1844 1079 terminatae
1882 1026 1996 1078 sine

146 1113 487 1166 incrementis
548 1113 966 1181 generationum,
1024 1120 1279 1182 tanquam
1337 1111 1544 1164 lumina
1599 1113 1885 1178 sapientia?
1944 1118 1999 1163 et

147 1201 396 1261 scientiae,
421 1198 725 1250 earumdem
759 1215 934 1249 rerum
961 1204 1086 1249 sunt
1117 1196 1454 1266 operationes
1487 1197 1790 1265 corporales
1818 1197 2000 1248 multae

149 1305 212 1338 ae
245 1284 432 1347 variae3
479 1290 532 1335 et
564 1282 711 1335 aliud
748 1301 819 1334 ex
846 1283 950 1335 alio
977 1282 1266 1335 crescendo
1292 1282 1718 1351 multiplicantur
1748 1282 1804 1333 in
1840 1283 2001 1334 bene-

150 1370 386 1423 dictione
423 1375 531 1430 tua‚
563 1368 735 1433 DeUS,
765 1368 858 1436 qui
892 1369 1202 1420 consolatus
1236 1385 1294 1418 es
1328 1366 1545 1419 fastidia
1579 1384 1831 1418 sensuum
1864 1384 2000 1418 mor-

148 1455 352 1518 talium,
396 1460 457 1505 ut
498 1453 556 1504 in
599 1453 907 1520 cognitione
953 1452 1117 1504 animi
1164 1469 1248 1502 res
1297 1468 1406 1503 una
1453 1451 1637 1502 multis
1684 1450 1860 1502 modis
1907 1468 2006 1519 per

149 1540 386 1608 corporis
426 1538 691 1590 motiones
734 1537 991 1604 figuretur
1033 1543 1194 1606 atque
1232 1534 1476 1587 dicatur¹.
1553 1538 1724 1604 Aquae
1762 1535 2002 1605 produx-

149 1633 302 1679 erunt
334 1627 485 1688 haec3
538 1624 634 1680 sed
667 1625 725 1675 in
759 1626 921 1675 verbo
958 1631 1067 1676 tue.
1145 1621 1511 1675 Necessitates
1547 1623 1897 1676 alienatorum
1934 1624 2001 1674 ab

151 1712 440 1764 aeternitate
473 1710 709 1761 veritatis
742 1717 848 1761 tuae
883 1710 1204 1779 populorum
1241 1706 1613 1776 produxerunt
1647 1708 1785 1772 haee,
1819 1708 1911 1760 sed
1948 1708 2003 1759 in

150 1796 447 1863 Evangelio
485 1803 612 1858 tuo;
665 1796 919 1864 quoniam
957 1794 1091 1863 ipsae
1131 1810 1285 1862 aquae
1323 1794 1427 1845 ista
1464 1792 1752 1862 ejecerunt,
1779 1812 2003 1862 quarum

151 1900 360 1935 amarus
384 1882 611 1947 languor
636 1880 736 1933 fuit
761 1899 922 1932 causa
947 1887 1007 1931 ut
1030 1879 1086 1930 in
1112 1885 1204 1930 tuo
1234 1880 1393 1930 verbo
1420 1879 1523 1931 ista
1547 1879 1914 1947 procederent.

223 1971 308 2018 28.
348 1968 424 2018 Et
455 1965 683 2034 pulchra
718 1971 842 2015 sunt
876 1964 1057 2016 omnia
1089 1964 1317 2015 faciente
1354 1971 1423 2027 te,
1451 1971 1504 2015 et
1537 1982 1663 2017 ecce
1701 1972 1759 2016 tu
1794 1966 2002 2018 inenar-

149 2051 387 2104 rabiliter
410 2049 686 2118 pulchrior
706 2049 800 2118 qui
823 2049 999 2100 fecisti
1015 2048 1217 2100 omnia:
1259 2067 1291 2100 a
1311 2067 1418 2118 quo
1432 2046 1455 2069 ³*
1478 2048 1646 2104 sinon
1666 2059 1805 2102 esset
1820 2052 2004 2119 lapsus

150 2136 341 2199 Adam,
367 2152 475 2186 non
502 2132 887 2184 diffunderetur
923 2152 993 2185 ex
1031 2140 1181 2184 utero
1220 2132 1335 2202 ejus
1375 2135 1590 2201 salsugo
1628 2135 1806 2198 mariS,
1835 2154 2004 2203 genus

149 2222 444 2273 humanum
501 2218 764 2287 profunde
826 2218 1113 2283 curiosum,
1165 2226 1218 2270 et
1265 2220 1563 2287 procellose
1617 2220 1900 2283 tumidum,
1952 2228 2006 2272 et

150 2306 469 2358 instabiliter
506 2303 765 2366 fluidum3
820 2310 980 2371 atque
1022 2303 1099 2355 ita
1135 2321 1246 2354 non
1286 2322 1424 2372 opus
1462 2310 1603 2356 esset
1644 2312 1705 2355 ut
1747 2305 1804 2355 in
1847 2309 2006 2374 aquis

151 2392 340 2442 multis
381 2388 726 2456 corporaliter
766 2395 820 2439 et
858 2386 1180 2439 sensibiliter
1222 2395 1565 2456 operarentur
1606 2388 2004 2457 dispensatores

153 2476 232 2528 tui
264 2474 495 2543 mystica
528 2474 671 2525 sacta
706 2481 758 2524 et
791 2472 951 2524 dicta.
1030 2472 1120 2524 Sic
1158 2471 1300 2523 enim
1332 2473 1468 2523 mihi
1493 2491 1637 2525 nunc
1665 2483 2006 2526 occurrerunt

150 2562 364 2631 reptilia
397 2568 450 2611 et
485 2558 737 2622 volatilia,
766 2559 963 2628 quibus
999 2558 1191 2609 imbuti
1226 2565 1279 2610 et
1314 2559 1510 2611 initiati
1545 2560 1791 2611 homines
1817 2579 2003 2629 corpo-

151 2646 352 2698 ralibus
379 2645 723 2696 sacramentis
750 2644 970 2706 subditi,
993 2662 1103 2695 non
1130 2646 1268 2696 ultra
1292 2646 1634 2714 proficerent,
1659 2646 1762 2697 nisi
1790 2647 2002 2715 spiritu-

156 2730 309 2782 aliter
325 2730 616 2780 vivesceret
640 2729 819 2780 anima
845 2727 1013 2795 gradu
1029 2728 1152 2792 alio,
1173 2736 1226 2780 et
1249 2737 1375 2797 post
1399 2730 1539 2781 initii
1556 2732 1775 2783 verbum
1802 2732 1858 2782 in
1877 2750 2003 2784 con-

157 2816 562 2868 summationem
587 2815 889 2882 respiceret.

229 2905 315 2952 29.
355 2903 434 2953 Αο
460 2919 556 2969 per
579 2901 684 2952 hoc
710 2900 767 2950 in
794 2900 953 2950 verbo
980 2905 1072 2950 tuo
1106 2918 1215 2951 non
1250 2903 1408 2954 maris
1435 2903 1789 2972 profunditaS,
1818 2905 1911 2958 sed
1938 2908 2004 2957 ab
2060 2920 2176 2959 XXI.

158 3005 414 3057 aquarum
445 2987 795 3039 amaritudine
828 2993 964 3037 terra
998 2985 1229 3039 discreta
1266 2988 1477 3058 ejecit',
1502 3009 1611 3042 non
1644 2992 1852 3059 reptilia
1894 2994 2004 3044 ani·
2019 2973 2204 3068 {2:232}-

155 3092 359 3125 marum
388 3074 622 3126 vivarum
650 3081 702 3125 et
726 3073 979 3136 volatilia,
1005 3073 1101 3124 sed
1127 3075 1359 3127 animam
1384 3077 1575 3128 vivam.
1643 3079 1836 3147 Neque
1862 3081 2002 3131 enim
2017 3082 2130 3120 ducat

149 3161 263 3230 jam
299 3179 434 3229 opus
467 3161 632 3213 habet
655 3162 937 3229 Baptismo
972 3178 1080 3228 quo
1117 3162 1367 3226 gentibus
1401 3181 1538 3231 opus
1572 3173 1668 3226 est,
1697 3166 1836 3216 sicut
1869 3185 2006 3234 opus
2021 3142 2184 3232 21:520».

157 3245 392 3297 habebat
435 3264 556 3298 cum
602 3246 756 3314 aquis
800 3251 1096 3311 tegeretur3
1153 3263 1263 3296 non
1298 3246 1438 3297 enim
1472 3250 1721 3299 intratur
1759 3250 1911 3301 aliter
1947 3245 2147 3303 invium

157 3350 379 3400 reynum
419 3335 666 3384 coelorum
707 3350 775 3382 ex
814 3331 906 3381 illo
945 3346 1051 3397 quo
1089 3329 1367 3383 instituisti
1404 3340 1462 3384 ut
1496 3333 1571 3384 sic
1611 3333 1865 3387 intretur:
1906 3296 2171 3412 1100111313,

214 3459 226 3490 1
259 3460 453 3498 Dominus
473 3460 584 3498 Deus
613 3466 738 3498 noster
765 3459 881 3498 fidem
908 3457 947 3496 in
974 3459 1054 3510 qua
1107 3470 1228 3497 unam
1250 3459 1543 3500 commendans.
1602 3462 1694 3501 Una
1718 3463 1821 3502 enim
1846 3466 2002 3504 eadem·
2018 3414 2056 3451 5·

158 3512 339 3560 vivimus,
367 3522 406 3552 et
438 3526 485 3551 ex
519 3526 598 3565 qua
626 3513 805 3558 vivimus,
835 3525 904 3564 per
937 3512 1055 3551 libros
1109 3525 1187 3565 que
1224 3526 1283 3551 res
1318 3514 1403 3552 ideo
1437 3515 1570 3553 multis
1607 3517 1729 3556 modis
1766 3517 1923 3563 dicitur,
1960 3527 2004 3559 ut

162 3574 331 3615 sanctos,
361 3566 580 3619 Scripturas
610 3573 766 3605 sanctas
792 3565 1056 3619 multipliciter
1111 3565 1228 3605 modo
1247 3566 1329 3619 ipso
1349 3567 1506 3607 dicendi
1537 3576 1692 3622 propter
1722 3571 1914 3612 fastidium
1937 3587 2002 3613 va-

162 3621 276 3660 nobis
297 3620 477 3672 varieque
505 3619 676 3665 diffudit,
697 3628 943 3659 sacramenta
967 3619 1053 3672 qui·
1111 3620 1242 3664 rietur.
1253 3621 1321 3660 sed
1341 3629 1496 3673 propter
1512 3623 1758 3663 concordiam
1774 3638 1851 3666 una
1867 3635 2001 3668 tenea-

162 3676 248 3715 dem
300 3675 504 3714 verborum
554 3673 720 3718 varians,
761 3673 876 3714 fidem
924 3681 1054 3714 tamen
1110 3680 1187 3715 tur.
1220 3674 1324 3726 Aug.
1346 3675 1384 3714 in
1408 3677 1562 3716 1’s.46.
1584 3676 1666 3716 init.

0 3986 77 4134 ἓῖῆ
36 3910 49 3932 -“
