2378 4134
383 197 453 245 80
861 192 916 247 S.
958 189 1402 248 AUGUSTINI
1443 193 1803 249 EPISCOPI

382 326 693 396 desperanti
719 326 790 380 ad
816 332 870 380 te
898 327 1043 381 viam
1073 336 1259 398 patere
1294 328 1526 395 homini,
1550 329 1733 383 inanis
1760 346 1892 382 cura
1914 330 2283 397 remanserat),

378 413 675 468 veniebant
698 414 757 467 in
783 414 1028 467 animum
1053 433 1237 468 meum
1264 415 1428 468 simul
1455 434 1583 469 cum
1607 415 1790 468 verbis
1811 433 1935 485 quae
1965 414 2283 483 diligebam,

378 518 465 553 res
515 501 680 555 etiam
719 520 858 572 quas
895 501 1263 571 negligebam.
1344 503 1543 572 Neque
1582 502 1730 555 enim
1770 520 1836 555 ea
1874 501 2126 569 dirimere
2162 510 2282 571 pot-

379 606 541 641 eram.
618 589 696 642 Et
731 587 863 641 dum
900 606 995 642 cor
1029 588 1298 658 aperirem
1326 588 1397 641 ad
1423 586 1854 660 excipiendum*
1882 607 2048 659 quam
2086 588 2284 643 diserte

379 676 605 743 diceret,
635 678 838 748 pariter
873 679 1115 731 intrabat
1147 684 1203 731 et
1241 697 1407 748 quam
1439 697 1562 731 vere
1598 678 1821 744 diceret,
1857 677 2126 746 gradatim
2165 677 2284 748 qui-

378 764 519 818 dem.
598 767 744 818 Nam
779 766 956 836 primo
985 764 1150 818 etiam
1175 766 1300 835 ipsa
1328 765 1549 818 defendi
1586 784 1754 836 posse
1789 765 1927 818 mihi
1956 764 2075 837 jam
2102 784 2284 835 coepe-

377 859 499 906 rant
535 852 735 917 videri3
795 859 851 906 et
888 851 1055 905 fidem
1107 852 1454 918 catholicam,
1492 871 1593 924 pro
1634 871 1746 924 qua
1780 852 1923 904 nihil
1969 870 2135 923 posse
2174 852 2285 907 dici

377 940 637 994 adversus
675 945 1061 1010 oppugnantes
1088 939 1435 993 Manichaeos
1469 948 1808 1010 putaveram,
1826 939 1944 1011 jam
1968 958 2082 992 non
2105 939 2283 1010 impu-

378 1028 568 1081 denter
601 1027 770 1080 asseri
805 1026 1230 1092 existimabam,
1280 1027 1523 1081 maxime
1551 1027 1740 1080 audito
1767 1045 1879 1079 uno
1907 1033 2070 1098 atque
2099 1028 2285 1092 alter0,

377 1122 433 1168 et
457 1115 660 1185 saepius
688 1113 978 1182 aenigmate
1006 1114 1185 1166 soluto
1215 1114 1282 1167 de
1309 1115 1547 1185 Scriptis
1576 1114 1882 1178 veteribus;
1921 1114 2036 1180 ubi,
2063 1133 2189 1168 cum
2215 1114 2286 1167 ad

374 1203 613 1255 litteram
648 1201 974 1271 acciperem,
1003 1199 1337 1254 occidebar*
1368 1202 1698 1272 spiritaliter.
1779 1202 1973 1272 Itaque
2006 1201 2284 1272 plerisque

374 1290 595 1343 illorum
618 1290 882 1342 librorum
909 1288 1180 1358 expositis
1206 1290 1364 1355 lociS,
1383 1289 1501 1361 jam
1537 1288 2005 1360 reprehendebam
2032 1288 2283 1359 despera-

376 1378 583 1430 tionem
618 1396 814 1442 meam,
842 1376 996 1429 illam
1033 1376 1304 1430 duntaxat
1330 1397 1440 1448 qua
1475 1376 1811 1431 credideram
1837 1378 2044 1445 Legem
2073 1383 2128 1431 et
2153 1379 2283 1431 Pro-

377 1466 579 1535 phetas
621 1463 1022 1518 detestantibus
1062 1472 1226 1535 atque
1275 1464 1656 1517 irridentibus²
1692 1463 1871 1517 resisti
1910 1465 2134 1517 omnino
2172 1485 2285 1518 non

375 1572 556 1623 posse.
635 1555 755 1606 Nec
794 1559 975 1606 tamen
1004 1552 1123 1624 jam
1147 1552 1274 1605 ideo
1300 1553 1437 1605 mihi
1465 1552 1793 1606 catholicam
1819 1552 1967 1604 viam
1992 1552 2285 1607 tenendam

378 1660 497 1694 esse
525 1641 850 1706 sentiebam,
878 1640 1010 1711 quia
1037 1647 1090 1693 et
1115 1641 1239 1710 ipsa
1275 1647 1492 1711 poterat
1520 1641 1724 1693 habere
1760 1640 1953 1693 doctos
1991 1650 2285 1694 assertores

378 1747 506 1781 suos
535 1728 631 1799 qui
657 1729 883 1798 copiose
910 1735 964 1781 et
989 1746 1102 1780 non
1130 1727 1365 1781 absurde
1397 1727 1616 1800 objecta
1652 1727 1960 1780 refellerent
1976 1747 1990 1792 3
2029 1746 2132 1780 nec
2158 1728 2284 1781 ideo

367 1817 486 1887 jam
513 1814 885 1869 damnandum
912 1814 1052 1868 illud
1078 1814 1230 1886 quod
1263 1816 1538 1881 tenebam,
1567 1814 1698 1886 quia
1732 1813 2065 1867 defensionis
2101 1823 2285 1885 partes

380 1905 757 1975 aequabantur.
836 1905 925 1957 Ita
950 1903 1096 1956 enim
1120 1902 1411 1956 Catholica
1436 1920 1548 1954 non
1574 1901 1710 1954 mihi
1737 1901 1885 1956 victa
1899 1901 2204 1970 videbatur,
2225 1909 2286 1956 ut

376 1992 624 2044 nondum
653 1992 819 2044 ctiam
846 1991 1048 2044 victrix
1077 1998 1378 2061 appareret.

452 2083 539 2131 ⁶25.
581 2080 740 2132 Tunc
767 2097 893 2131 vero
921 2078 1129 2131 fortiter
1152 2077 1365 2130 intendi
1391 2078 1651 2143 animum,
1670 2078 1847 2149 siquo
1873 2077 2037 2130 modo
2065 2097 2283 2148 possem

377 2167 540 2221 certis
575 2166 854 2238 aliquibus
890 2166 1234 2220 documentis
1271 2166 1616 2219 Manichaeos
1653 2165 1978 2219 convincere
2012 2166 2281 2219 falsitatis

377 2254 543 2316 Quod
595 2255 641 2306 si
693 2272 912 2323 possem
964 2254 1304 2324 spiritualem
1369 2253 1734 2306 substantiam
1785 2254 2044 2322 cogitare,
2098 2255 2280 2307 statim

376 2341 820 2394 machinamenta
870 2341 967 2393 illa
1029 2340 1234 2394 omnia.
1275 2341 1613 2394 solverentur
1674 2348 1728 2394 et
1789 2341 2159 2412 abjicerentur
2210 2361 2282 2394 ex

377 2429 560 2482 animo
596 2446 752 2494 meo;
795 2428 894 2481 sed
930 2446 1042 2480 non
1077 2435 1341 2498 poteram.
1420 2429 1810 2481 Verumtamen
1838 2428 1904 2480 de
1929 2429 2054 2498 ipso
2090 2429 2282 2481 mundi

375 2516 541 2588 hujus
568 2535 813 2586 corpore,
841 2516 1101 2586 omnique
1128 2521 1323 2567 natura
1351 2533 1528 2585 quam·
1546 2533 1737 2568 sensus
1765 2515 1943 2568 carnis
1971 2515 2281 2582 attingeret,

375 2606 550 2657 multa
598 2603 971 2674 probabiliora
1020 2604 1315 2674 plerosque
1370 2602 1608 2655 sensisse
1669 2604 2073 2673 philosophos,·
2106 2604 2282 2672 magis

375 2692 663 2762 magisque
703 2691 1059 2744 considerans
1095 2697 1260 2761 atque
1302 2708 1646 2760 comparanS,
1665 2690 2004 2762 judicabam.
2082 2692 2281 2761 Itaque

377 2779 835 2832 Academicorum
873 2797 1040 2843 more,
1070 2778 1214 2831 sicut
1253 2777 1635 2830 existimantur
1647 2782 1684 2843 ²¹,
1712 2777 1970 2830 dubitans
2003 2777 2070 2830 de
2107 2779 2280 2830 omni-

374 2868 481 2919 bus
520 2873 686 2937 atque
724 2867 865 2919 inter
905 2866 1091 2919 omnia
1129 2867 1421 2930 fluctuanS,
1462 2864 1809 2917 Manichaeos
1858 2864 2080 2935 quidem
2119 2866 2280 2916 relin-

377 2954 628 3024 quendos
656 2972 774 3007 esse
804 2954 1019 3006 decrevi
1042 2973 1053 3005 :
1095 2971 1207 3004 non
1235 2951 1501 3004 arbitrans
1529 2970 1593 3004 eo
1619 2951 1743 3021 ipso
1781 2959 2024 3021 tempore
2065 2951 2278 3005 dubita-

375 3048 542 3101 tionis
584 3067 720 3101 meae
765 3049 822 3101 in
868 3048 966 3100 illa
1011 3053 1164 3100 secta
1203 3045 1340 3098 mihi
1378 3045 1810 3115 permanendum
1855 3064 1992 3110 esse,
2036 3047 2126 3099 cui
2163 3047 2278 3118 jam

374 3139 670 3191 nonnullos
705 3136 1072 3208 philosophos
1109 3136 1535 3206 praeponcba1n3
1578 3135 1780 3205 quibus
1818 3141 1999 3188 tamen
2034 3136 2278 3205 philoso-

431 3327 455 3348 z
485 3322 579 3363 Vid.
603 3336 693 3377 sup.
711 3323 762 3362 ad
781 3322 809 3363 l.
835 3321 887 3361 iii.
909 3334 947 3361 c.
968 3322 1007 3361 7.
1027 3335 1067 3375 p.
1084 3321 1151 3360 36.
1202 3319 1297 3359 Irri·
1356 3319 1489 3359 ritos.”
1529 3323 1638 3373 Aug.
1651 3320 1701 3359 de
1722 3320 1819 3360 Util.
1841 3319 2057 3369 Credendi‚
2075 3333 2112 3359 c.
2129 3321 2169 3360 2.
2186 3320 2224 3371 ᾧ.
2239 3321 2279 3360 4.

374 3378 484 3419 sione
504 3378 614 3419 soeda
628 3385 821 3432 tanquam
836 3376 994 3431 proprio
1010 3376 1184 3431 quodam
1201 3376 1297 3423 telo,
1357 3381 1386 3397 ‘¹
1408 3374 1565 3415 Exstitit
1577 3376 1763 3429 quaedam
1781 3375 2044 3430 perditissima
2061 3382 2170 3415 secta
2187 3376 2279 3414 Ma-

375 3441 516 3474 contra
547 3433 777 3474 Ecclesiam
806 3434 1024 3473 utebantur
1056 3430 1294 3471 Manichaei.
1355 3430 1618 3478 nichaeorum,
1637 3439 1824 3485 acceptas
1851 3431 2077 3484 Scripturas
2096 3437 2136 3470 et
2157 3430 2279 3470 lectas

377 3489 620 3544 Vid-sup.§.
638 3488 859 3529 16.et1.iii.
874 3490 1028 3528 c-lO.et
1044 3494 1123 3528 not.
1141 3486 1238 3527 ibid.
1260 3492 1299 3527 et
1356 3485 1472 3526 irrisit
1491 3502 1502 3534 ;
1540 3486 1830 3540 reprehendere
1853 3487 1978 3527 voluit
1995 3486 2103 3539 quod
2121 3499 2202 3525 non
2219 3486 2278 3525 in-

375 3544 473 3584 alibi
491 3544 654 3599 passim,
675 3546 782 3597 quod
802 3543 982 3598 reliquiae
998 3544 1132 3584 Faust.
1162 3551 1203 3583 et
1229 3542 1301 3583 Se·
1356 3541 1576 3595 telligebat‚
1595 3548 1635 3582 et
1647 3542 1886 3596 exagitando
1898 3549 1938 3583 et
1953 3540 2279 3596 reprehendendo

375 3600 540 3640 cundini
560 3600 837 3641 miserabiliter
852 3599 1108 3639 confirmant.
1139 3604 1167 3622 “
1190 3597 1300 3639 Bene
1357 3610 1438 3638 non
1458 3596 1674 3646 intellecta,
1691 3598 1840 3638 multos
1858 3596 2134 3652 illaqueavit.'’
2166 3596 2272 3651 Aug.

376 3655 493 3701 nosti,
510 3656 618 3710 quod
637 3655 969 3710 reprehendentes
990 3653 1216 3694 Manichaei
1235 3666 1302 3693 ca·
1360 3653 1401 3693 in
1426 3652 1491 3693 Ps.
1512 3653 1604 3693 146.

378 3709 571 3750 tholicam
594 3711 728 3760 fidem,
747 3717 788 3752 et
811 3709 987 3750 maxime
1009 3711 1064 3750 V.
1085 3711 1135 3750 T.
1155 3709 1305 3750 discer-
1422 3712 1443 3736 ²
1467 3708 1568 3751 Vid.
1588 3722 1676 3763 sup.
1697 3708 1750 3749 ad
1771 3709 1803 3761 §.
1830 3709 1893 3750 19.

378 3772 518 3821 pentes
543 3771 585 3808 et
611 3766 867 3816 dilaniantes,
896 3771 1151 3808 commovent
1178 3764 1304 3820 impe-
