2378 4134
517 212 1120 275 CONFESSIONUM
1154 210 1396 268 LIBER
1429 208 1590 265 VIII.
1874 213 1974 263 131

210 355 262 404 9.
298 353 432 419 Age,
465 348 715 413 Domine,
746 347 858 410 fam
910 347 1108 413 excita,
1141 351 1197 398 et
1222 357 1416 397 revoca
1450 357 1578 406 n0s3
1632 339 1887 406 accende,
1923 346 1979 393 et
2047 348 2127 390 lv.

139 452 293 505 rape3
344 435 525 502 flagra,
561 431 833 486 dulcesce:
879 431 998 502 jam
1034 444 1292 493 amemus,
1324 434 1379 480 et
1413 441 1705 479 curramus.
1780 427 1979 478 Nonne
1993 402 2170 510 ἓζξῗω

138 519 290 574 multi
307 536 377 571 ex
391 515 732 588 profimdiore
749 513 946 569 tartaro
955 513 1218 569 'caecitatis
1234 528 1398 583 quam
1413 510 1742 576 VictorinuS,
1755 509 1982 563 redeunt
1994 509 2162 603 tatu-dum

139 605 210 660 a'd
231 612 301 668 te,
326 612 381 657 et
403 603 681 666 accedunt,
707 610 762 655 et
785 603 1152 656 illuminantur
1173 599 1492 670 recipientes
1524 598 1726 660 lumen,
1752 596 1901 666 quod
1931 596 1979 648 si
1993 577 2158 658 {briger-

145 690 238 760 qui
275 688 558 758 recipiunt,
588 687 864 757 accipiunt
905 707 938 740 a
967 694 1020 740 te
1049 691 1371 754 potestatem
1407 689 1471 735 ut
1491 683 1619 751 filii
1657 682 1743 733 tm·
1772 679 1974 749 fiant?
1992 685 2183 766 ῗζίῗξιξέο·

141 773 247 828 Sed
272 773 317 826 si
340 772 515 824 minus
539 772 653 824 noti
677 779 803 824 sunt
826 772 1062 842 popuIiS,
1086 771 1264 822 minus
1302 768 1368 820 de
1405 767 1515 819 illis
1549 765 1788 835 gaudent
1818 764 1979 818 etiam
1994 779 2091 821 Joh.
2115 753 2154 827 s,

140 859 234 929 qui
257 864 515 910 noverunt
538 875 644 909 eos.
720 857 950 918 Quando
976 857 1119 909 enim
1152 872 1275 907 cum
1310 853 1494 905 multis
1533 851 1813 919 gaudetur,
1841 857 1896 903 et
1921 850 1981 902 in
1994 835 2034 874 9.
2053 836 2116 874 ¹²·

139 942 362 1011 singulis
384 942 598 994 uberius
635 948 717 994 est
750 942 1023 1010 gaudium,
1050 941 1178 1011 quia
1205 939 1555 992 fervefaciunt
1585 954 1660 1003 se,
1686 943 1741 989 et
1771 937 1980 988 inflam-

138 1034 347 1081 mantur
378 1045 446 1079 ex
479 1029 743 1080 alterutro.
819 1027 1049 1090 Deinde,
1076 1026 1223 1096 quod
1255 1025 1438 1076 multis
1470 1023 1605 1087 noti,
1637 1024 1821 1076 multis
1857 1030 1983 1075 sunt

138 1113 437 1167 auctoritati
463 1112 532 1165 ad
557 1114 798 1176 salutem,
825 1118 879 1164 et
900 1111 1082 1163 multis
1108 1116 1350 1179 praeeunt
1385 1109 1661 1162 secuturis.
1738 1108 1980 1177 Ideoque

137 1199 359 1250 multum
385 1197 451 1248 de
475 1197 581 1250 illis
606 1205 659 1250 et
684 1198 776 1266 qui
803 1214 895 1249 eos
919 1202 1306 1267 praecesserunt
1332 1195 1597 1258 laetantur,
1624 1195 1754 1263 quia
1777 1211 1888 1245 non
1914 1192 1981 1245 de

137 1283 264 1335 solis
287 1283 545 1333 laetantur.
620 1283 778 1333 Absit
800 1283 942 1334 enim
967 1288 1028 1332 ut
1050 1282 1108 1332 in
1133 1281 1478 1332 tabernaculo
1505 1286 1598 1332 tuo
1627 1297 1738 1348 prae
1774 1297 1978 1347 paupe-

135 1367 280 1418 ribus
295 1366 625 1433 accipiantur
636 1384 875 1435 personae
897 1365 1139 1428 divitum,
1157 1370 1248 1416 aut
1265 1383 1374 1433 prae
1391 1364 1722 1431 ignobilibus
1739 1364 1976 1415 nobiles:

138 1451 351 1520 quando
375 1451 556 1519 potius
580 1454 806 1520 infirma
838 1452 1032 1503 mundi
1067 1452 1276 1518 eleqz’sti
1299 1457 1362 1502 ut
1386 1450 1742 1517 ootgficnderes
1759 1451 1974 1518 fortia;
1996 1463 2011 1501 1
2033 1462 2124 1501 Cor.
2145 1464 2183 1508 1,

136 1541 190 1587 et
214 1535 467 1602 iqnobilz'a
492 1536 652 1605 hujus
677 1538 870 1588 mundi
894 1538 1102 1603 eleqz'stz'
1125 1543 1179 1588 et
1202 1535 1648 1602 contemptibilia,
1673 1542 1728 1587 et
1761 1553 1827 1586 ea
1863 1553 1978 1604 queo
1993 1517 2060 1555 27.
2077 1518 2146 1556 ²⁸·

138 1637 240 1671 non
277 1627 420 1683 sunt,
459 1627 719 1690 tanquam
759 1620 924 1690 quae*
956 1624 1085 1684 sint,
1123 1627 1185 1672 ut
1235 1639 1299 1671 ea
1351 1636 1478 1690 quoe
1513 1626 1641 1671 sunt
1677 1638 1982 1672 evacuares,

141 1706 216 1756 Et
238 1713 411 1758 tamen
438 1705 580 1758 idem
615 1707 733 1776 ipse
758 1710 1017 1759 minimus
1041 1708 1410 1774 Apostolorum
1447 1714 1675 1770 tuorum,
1701 1724 1796 1774 per
1829 1705 1982 1776 cujus
1999 1714 2063 1754 Id.
2094 1716 2154 1761 15,

137 1791 374 1857 linguam
411 1799 504 1843 tua
538 1792 643 1843 ista
679 1795 840 1844 verba
878 1792 1124 1855 sonuisti,
1150 1809 1272 1843 cum
1310 1792 1511 1843 Paulus
1548 1791 1857 1859 proconsul,
1888 1808 1985 1859 per
1998 1771 2038 1809 9.
2194 1776 2207 1790 “

139 1874 253 1942 ejus
278 1875 521 1927 militiam
554 1876 817 1928 debellata
851 1876 1116 1946 superbia,
1145 1877 1243 1927 sub
1282 1877 1401 1928 lene
1430 1875 1626 1945 jugum
1665 1876 1869 1929 Christi
1905 1876 1985 1927 tui

139 1959 334 2010 missus
365 1967 522 2023 esset,
547 1961 687 2027 regis
719 1962 900 2028 magni
936 1961 1280 2029 provincialis
1317 1962 1566 2024 effectus;
1612 1961 1730 2029 ipse
1769 1979 1985 2030 quoque
2002 1979 2095 2017 Act.
2119 1978 2181 2024 13,

138 2061 209 2094 ex
235 2044 406 2111 priore
432 2045 594 2097 Saulo
621 2047 819 2098 Paulus
838 2045 1017 2098 vocari
1044 2045 1257 2109 amavit,
1275 2046 1344 2096 ob
1371 2051 1481 2097 tam
1506 2046 1754 2112 magnae*
1770 2046 1984 2114 insigne
2001 2034 2041 2071 7.
2069 2034 2128 2072 ¹²·

142 2128 417 2180 victoriae¹¹.
493 2131 622 2182 Plus
649 2131 791 2181 enim
815 2130 987 2183 hostis
1011 2130 1243 2182 vincitur
1273 2130 1331 2181 in
1367 2148 1431 2182 eo
1470 2149 1630 2200 quem
1663 2132 1787 2199 plus
1821 2139 1983 2197 tenet,

140 2212 207 2264 de
258 2232 364 2283 quo
413 2217 593 2283 plures
636 2223 795 2267 tenet.
871 2218 1002 2268 Plus
1045 2223 1222 2268 autem
1270 2217 1529 2284 superbos
1569 2223 1716 2268 tenet
1766 2218 1983 2269 nomine

142 2300 453 2364 nobilitatis,
497 2307 550 2351 et
591 2300 656 2352 de
699 2301 786 2352 his
827 2302 1007 2370 plures
1056 2301 1273 2352 nomine
1323 2302 1669 2353 auctoritatis.
1766 2303 1982 2360 Quanto

140 2383 301 2449 igitur
340 2385 538 2450 gratius
579 2385 944 2451 cogitabatur*
988 2385 1253 2437 Victorini
1293 2392 1499 2453 pectUS,
1540 2385 1686 2455 quod
1725 2393 1983 2455 tanquam

141 2468 558 2535 inexpugnabile
607 2471 1002 2537 receptaculum
1050 2469 1297 2520 diabolus
1348 2470 1671 2533 obtinuerat,
1717 2471 1983 2523 Victorini

142 2552 344 2615 lingua,
386 2570 492 2620 quo
534 2553 640 2604 telo
687 2553 872 2620 grandi
913 2562 967 2606 et
1009 2560 1166 2606 acuto
1209 2555 1405 2604 multos
1453 2563 1772 2622 peremerat3
1835 2563 1983 2608 tanto

144 2635 500 2687 abundantius
532 2638 800 2690 exsultare
835 2639 1069 2706 oportuit
1107 2638 1251 2689 filios
1297 2645 1432 2702 tUOS,
1471 2640 1599 2708 quia
1638 2641 1763 2692 Rex
1803 2647 1984 2693 noster

141 2721 386 2785 alle'yavit
416 2723 643 2789 fortem,
687 2731 740 2774 et
778 2723 1030 2775 videbant
1069 2741 1195 2774 rasa
1233 2723 1349 2791 ejees
1385 2731 1570 2790 erepta
1609 2726 1888 2790 mundari,
1932 2733 1984 2779 et
2002 2739 2186 2787 Mat.12,

144 2804 312 2871 aptari
336 2806 392 2855 in
420 2807 666 2857 honorem
694 2814 859 2871 tuum,
887 2814 939 2859 et
975 2807 1088 2858 fieri
1114 2809 1278 2859 utilia
1305 2810 1538 2860 Domino
1564 2811 1640 2861 ad
1663 2828 1817 2862 omne
1852 2829 1983 2878 opus
1999 2795 2131 2886 {qim

144 2886 351 2938 bonum.
2000 2904 2041 2945 2,
2062 2878 2150 2942 ‘eis

221 2975 300 3022 10.
341 2974 447 3025 Sed
470 2976 562 3026 ubi
589 2977 721 3027 mihi
745 2977 905 3028 homo
930 2983 1052 3028 tuus
1078 2976 1461 3045 Simplicianus
1487 2978 1552 3029 de
1579 2980 1856 3032 Victorino
1883 2982 1987 3033 ista
2071 2993 2124 3031 V.

146 3057 388 3119 narravit,
406 3060 580 3110 exarsi
606 3060 673 3111 ad
699 3060 1038 3112 imitandum:
1080 3061 1149 3113 ad
1173 3061 1278 3113 hoc
1305 3062 1447 3113 enim
1474 3070 1527 3114 et
1551 3064 1642 3114 ille
1667 3074 1983 3117 narraverat.
2004 3047 2106 3091 Quae
2127 3060 2187 3086 re-

2003 3112 2130 3138 mora·

149 3137 499 3208 Posteaquam
541 3162 663 3196 vero
703 3152 756 3196 et
796 3145 932 3196 illud
967 3145 1190 3209 addidit,
1230 3146 1377 3215 quod
1415 3147 1750 3215 imperatoris
1781 3150 1986 3201 Juliani
2001 3154 2145 3246 ἓίἳῃῑιὲτ

203 3296 224 3318 ¹¹
239 3298 265 3316 ‘⁴
280 3293 335 3332 Ut
347 3294 491 3348 Scipio,
501 3298 679 3351 subjecta
694 3300 844 3348 Africa,
858 3300 1037 3341 Africani
1091 3302 1182 3342 nino
1215 3303 1410 3356 improbat
1438 3304 1644 3357 Origenes,
1667 3305 1899 3358 Apostolum
1926 3312 1988 3346 ta·
2002 3274 2165 3355 {gigr-

153 3345 224 3383 sibi
258 3359 394 3406 nornen
424 3353 729 3404 assumpsit—ita
754 3363 794 3394 et
816 3355 958 3394 Saulus
987 3355 1038 3394 ad
1092 3370 1182 3395 men
1218 3357 1457 3396 binominem
1498 3359 1625 3410 potius
1663 3359 1779 3398 fuisse
1823 3367 1984 3409 censet3

151 3399 464 3460 praedrcationern
494 3406 662 3454 gentium
689 3407 840 3454 missus,
861 3422 884 3447 a
913 3408 1037 3461 primo
1092 3410 1237 3461 (Praef.
1250 3411 1291 3449 in
1306 3413 1461 3450 Comm.
1476 3411 1515 3450 in
1532 3414 1604 3465 Ep.
1620 3412 1671 3451 ad
1690 3411 1829 3461 Rom.)
1844 3413 1986 3466 Chrys.

154 3453 337 3514 Ecclesiae
349 3455 486 3508 spolio,
499 3457 731 3500 proconsule
749 3461 881 3513 Sergio
892 3463 1037 3511 Paulo,
1093 3476 1233 3503 nomeu
1254 3464 1340 3516 ejus
1361 3465 1437 3503 Dei
1461 3463 1571 3517 jussu
1591 3466 1839 3506 immutatum
1870 3468 1984 3508 fuisse

152 3513 323 3567 victonae
361 3521 440 3547 suae
475 3510 648 3563 trophaea
680 3514 815 3555 retulit
840 3516 1037 3567 erexitque
1094 3517 1163 3562 ait,
1193 3518 1297 3569 quod
1326 3517 1431 3557 haud
1462 3519 1580 3559 dubie
1602 3532 1733 3559 verum
1756 3527 1827 3565 est,
1857 3534 1983 3574 neque

154 3560 341 3620 vexillum
372 3569 414 3600 ut
442 3564 587 3603 Paulus
615 3565 803 3607 diceretur
829 3582 851 3608 e
871 3570 1035 3609 Saulo.’'
1091 3580 1222 3611 tamen
1253 3571 1287 3610 ei
1318 3579 1522 3626 repugnat,
1541 3574 1647 3628 quod
1676 3574 1751 3615 hae
1777 3575 1981 3618 occasione

151 3612 311 3654 Hieron.
338 3618 492 3675 Corum.
509 3619 549 3656 in
570 3618 644 3671 Ep.
672 3621 723 3659 ad
755 3621 921 3663 Philem.
950 3623 1033 3663 init.
1088 3623 1237 3665 factum
1259 3625 1386 3666 suerit.

153 3665 267 3707 Hanc
300 3669 518 3722 opinionem
556 3680 756 3722 memorat,
789 3688 914 3728 neque
949 3690 1030 3717 om·

1017 3751 1108 3796 KQ
