2378 4134
763 762 1014 822 LIBER
1058 759 1382 821 NONUS.

151 928 238 972 Uni
263 926 358 984 jam
381 926 478 969 Deo
497 925 644 968 vivere
668 927 866 979 studens,
884 926 1138 970 Rhetoricae
1160 924 1500 982 professionem,
1524 922 1601 964 sed
1623 936 1710 964 non
1733 929 1837 965 ante
1856 928 2001 966 trans-

205 1006 326 1043 actas
352 998 638 1040 vindemiales
670 998 805 1041 ferias
836 1012 936 1055 quae
967 999 1171 1056 proxime
1201 997 1443 1046 instabant,
1468 994 1661 1051 abjicere
1693 996 1865 1038 statuit.
1930 998 2002 1038 In-

205 1071 335 1114 terim
357 1085 457 1112 rure
484 1070 738 1114 Cassiciaco
759 1072 877 1128 apud
898 1071 1090 1114 amicum
1122 1070 1218 1126 ejus
1240 1069 1552 1111 Verecundum
1580 1069 1635 1110 ad
1666 1069 2002 1125 percipiendam

207 1143 424 1200 Baptismi
445 1145 637 1200 gratiam
669 1157 716 1185 se
738 1150 892 1200 parat3
926 1158 978 1186 ac
1010 1143 1188 1185 tandem
1223 1156 1323 1183 cum
1345 1140 1524 1197 Alypio,
1548 1146 1594 1182 et
1624 1140 1715 1182 filio
1748 1155 1828 1182 suo
1858 1142 2005 1183 Adeo-

206 1216 306 1258 dato
326 1216 591 1271 baptizatur.
656 1216 751 1258 Nec
774 1216 915 1257 multo
938 1222 1056 1272 post,
1078 1214 1279 1256 Africam
1302 1219 1525 1269 repetens,
1550 1212 1723 1255 Ostiam
1746 1213 1882 1264 venit,
1901 1228 2003 1256 cum

207 1286 360 1329 amicis
382 1293 427 1328 et
448 1293 590 1328 matre
613 1288 840 1338 Monnica,
858 1287 984 1344 cujus
1007 1288 1145 1328 vitam
1167 1293 1212 1327 et
1235 1292 1411 1327 sanctos
1427 1299 1572 1326 mores
1594 1286 1716 1327 brevi
1739 1286 2004 1342 compendio

207 1359 403 1410 exhibet,
425 1371 611 1414 quaeque
632 1359 797 1402 ibidem
818 1360 1090 1417 defungitur,
1113 1373 1228 1401 anno
1251 1358 1397 1400 aetatis
1420 1370 1512 1399 suae
1535 1356 1609 1408 56,
1631 1358 1875 1415 Augustini
1896 1358 1972 1401 33.

153 1522 159 1528 ’
225 1529 270 1577 1.
315 1527 362 1577 Ο
404 1527 655 1592 Domine,
689 1544 781 1593 eqo
814 1545 994 1578 servus
1029 1533 1191 1582 tuus;
1243 1543 1334 1592 eqo
1366 1542 1548 1576 servus
1583 1531 1728 1588 tune,
1764 1532 1816 1577 et
1839 1528 2010 1594 filius
2099 1535 2136 1573 Ι.

149 1614 357 1666 ancillae
420 1625 548 1665 tuce.
648 1616 958 1681 Disrupisti
1015 1615 1233 1664 vincula
1292 1630 1413 1663 mea
1441 1633 1458 1668 ;
1533 1611 1634 1662 tibi
1690 1614 2011 1681 saco·{fic·abo
2029 1588 2195 1682 ἓῖῗῖἶῑ

149 1695 411 1750 hostiam*
463 1699 660 1750 laudis,
760 1699 973 1751 Laudet
1028 1706 1079 1750 te
1145 1715 1236 1750 cor
1285 1715 1464 1748 meum
1516 1705 1569 1748 et
1628 1697 1817 1764 lingua
1874 1718 2010 1765 mea,
2028 1698 2207 1745 nitatem,

150 1789 202 1834 et
248 1785 429 1834 onmia
477 1801 592 1834 ossa
641 1801 761 1835 mea
814 1785 1040 1836 dicant:
1115 1784 1367 1847 Domine,
1395 1784 1538 1851 ⁴quis
1595 1785 1792 1834 similis
1853 1784 1953 1835 tibi
1982 1765 2171 1846 stiffi*

153 1867 369 1932 Dicant,
413 1876 466 1920 et
513 1868 779 1937 responde
830 1869 982 1932 mihi,
1024 1875 1078 1920 et
1127 1869 1216 1919 dic·
1265 1869 1461 1918 animae
1511 1885 1659 1931 meoe,
1703 1869 1866 1920 Salus
1915 1877 2011 1921 tua
2027 1874 2219 1956 Ξὲῐῇἳὲῗῐ·

149 1970 238 2019 eqo
283 1971 418 2004 sum.
509 1953 644 2012 Quis
692 1971 810 2020 egO,
858 1961 912 2005 et
961 1954 1137 2023 qualis
1184 1951 1331 2019 ego?
1397 1951 1543 2011 Quid
1590 1970 1699 2003 non
1747 1955 1876 2006 mali
1922 1946 2215 2030 autPers,

150 2038 288 2090 facta
337 2036 492 2089 mea*
521 2058 534 2101 ;
600 2044 708 2102 aut,
762 2039 807 2090 si
857 2057 967 2090 non
1018 2040 1174 2102 facta,
1227 2038 1372 2089 dicta
1420 2056 1538 2089 mea
1566 2058 1579 2101 3
1644 2046 1753 2103 aut,
1807 2040 1852 2091 si
1902 2059 2013 2092 non
2034 2040 2096 2077 16.
2126 2040 2188 2079 17.

155 2122 313 2186 dicta,
362 2124 612 2175 voluntas
662 2142 783 2175 mea
831 2125 932 2176 fuit
959 2124 976 2176 ?
1045 2126 1131 2177 Tu
1182 2130 1377 2187 autem,
1430 2124 1687 2188 Domine,
1739 2126 1915 2177 bonus
1967 2134 2018 2178 et
2036 2104 2099 2197 {³32
2121 2103 2190 2196 ζ’

151 2208 466 2272 misericorS,
510 2216 560 2260 et
603 2208 824 2261 dextera
874 2217 968 2262 tua
1017 2209 1313 2278 respiciens
1362 2209 1784 2278 profunditatem
1835 2212 2019 2264 mortis

151 2311 300 2356 meae,
327 2300 380 2344 et
404 2312 435 2345 a
460 2293 625 2345 fundo
654 2294 830 2352 cordis
855 2296 962 2347 mei
989 2295 1315 2347 exhauriens
1351 2295 1606 2362 abyssum
1643 2298 2016 2365 corruptionis.

151 2379 227 2430 Et
250 2379 353 2431 hoc
381 2386 491 2430 erat
518 2386 689 2431 totum
713 2381 856 2432 nolle
885 2381 1032 2450 quod
1055 2382 1320 2443 volebam,
1340 2387 1392 2431 et
1407 2381 1544 2431 velle
1572 2381 1718 2450 quod
1745 2382 2016 2435 volebas*.

156 2463 263 2515 Sed
305 2464 400 2515 ubi
445 2471 557 2515 erat
598 2471 707 2516 tam
754 2483 958 2517 annoso
1003 2474 1258 2534 tempore,
1299 2471 1352 2515 et
1394 2465 1458 2516 de
1503 2484 1610 2534 quo
1650 2467 1759 2517 imo
1802 2469 2019 2537 altoque

153 2555 354 2600 secreto
399 2556 679 2600 evocatum
719 2556 800 2601 est
836 2551 893 2602 in
932 2556 1202 2601 momento
1240 2550 1467 2600 liberum
1508 2551 1783 2602 arbitrium
1822 2571 2019 2617 meum,

154 2651 261 2701 quo
290 2632 572 2685 subderem
600 2634 862 2686 cervicem
889 2638 1000 2687 leni
1012 2636 1150 2703 juyo
1179 2642 1287 2697 leco,
1309 2641 1361 2685 et
1384 2635 1636 2686 humeros
1663 2638 1765 2687 leri
1790 2640 2018 2689 sarcinae
2036 2660 2140 2699 Mat.
2158 2661 2221 2706 11,

154 2724 287 2780 tuce,
316 2717 528 2770 Christe
555 2720 590 2770 J
593 2737 704 2783 esu,
730 2720 953 2788 adjutor
987 2739 1137 2771 meus
1162 2726 1215 2770 et
1240 2720 1545 2785 redemptor
1579 2739 1730 2772 meus
1748 2721 1774 2771 ‚9
1843 2724 2019 2782 Quam
2034 2714 2101 2754 30.

154 2819 316 2854 suave
341 2803 474 2853 mihi
503 2804 680 2856 subito
705 2805 906 2857 factum
933 2814 1014 2858 est
1040 2823 1215 2858 carere
1243 2805 1597 2857 suavitatibus
1630 2825 1893 2873 nugarum
1916 2806 1925 2859 ἔ
1969 2816 2022 2860 et
2038 2779 2104 2874 {³5⁵
2130 2780 2194 2825 18,

156 2905 289 2956 quas
339 2888 578 2940 amittere
627 2897 802 2942 metus
853 2891 1039 2955 suerat,
1080 2890 1197 2961 jam
1250 2890 1514 2941 dimittere
1578 2892 1833 2958 gaudium
1893 2901 2019 2946 erat.

157 2971 432 3040 Ejiciebas
470 2974 612 3025 enim
639 2993 730 3027 eas
756 2994 788 3027 a
812 2995 916 3042 me,
941 2995 1066 3028 vera
1092 2983 1152 3027 tu
1177 2982 1230 3027 et
1258 2993 1465 3027 summa
1501 2977 1764 3028 suavitasa
1785 2998 1796 3029 :
1839 2978 2020 3047 ejicie-

153 3056 269 3119 bas,
295 3063 349 3107 et
371 3057 607 3110 intrabas
632 3077 730 3127 pro
758 3060 836 3112 eis
863 3062 1010 3113 omni
1037 3058 1331 3113 suavitate*
1364 3060 1587 3125 dulcior,
1616 3062 1710 3112 sed
1735 3081 1844 3113 non
1873 3064 2022 3115 carni

156 3146 210 3190 et
252 3142 533 3207 sanguini3
590 3145 736 3195 omni
779 3147 901 3199 luce
942 3146 1150 3209 clarior,
1192 3145 1287 3197 sed
1331 3145 1477 3196 omni
1520 3153 1722 3198 secreto
1767 3148 2019 3210 interior;

158 3225 304 3275 omni
334 3226 533 3280 honore
569 3232 863 3297 sublimior,
890 3233 986 3284 sed
1010 3251 1120 3285 non
1147 3233 1470 3284 sublimibus
1496 3233 1552 3282 in
1581 3251 1653 3283 se.
1728 3235 1762 3285 J
1768 3251 1852 3284 am
1885 3233 2022 3285 liber

158 3317 270 3360 erat
292 3310 499 3363 animus
523 3333 673 3366 meus
700 3334 732 3369 a
756 3317 898 3369 curis
922 3317 1266 3370 mordacibus
1293 3317 1583 3380 ambiendi,
1611 3317 1942 3386 acquirendi,
1969 3325 2023 3369 et

158 3393 433 3445 volutandi
473 3406 632 3466 atque
674 3402 953 3469 scalpendi
992 3402 1230 3453 scabiem
1263 3401 1587 3464 libidinum3
1629 3409 1682 3452 et
1721 3402 2022 3468 garriebam

215 3554 232 3575 ²
263 3551 385 3590 Omni
421 3549 567 3591 homini
605 3566 791 3595 converso
837 3557 886 3596 ad
929 3557 1062 3595 Deum
1120 3556 1394 3609 temporalium
1436 3571 1562 3597 rerum
1603 3566 1910 3611 expugnaretur,
1950 3558 2022 3599 ni'si

162 3611 334 3644 mutatur
374 3604 597 3651 delectatio,
638 3615 837 3648 mutantur
883 3609 1064 3658 deliciae;
1120 3610 1255 3662 aliqua
1290 3611 1478 3651 suavitate
1526 3619 1775 3653 aeternorum.
1832 3613 1937 3667 Aug.
1973 3613 2023 3654 de

162 3669 241 3698 non
276 3658 381 3698 enim
418 3659 719 3707 subtrahuntur,
747 3663 814 3702 sed
850 3670 1067 3704 mutantur.
1123 3663 1296 3710 Musica,
1319 3664 1347 3705 l.
1367 3666 1417 3704 vi.
1439 3679 1475 3706 c.
1499 3667 1559 3706 16.

165 3711 273 3765 Aug.
293 3711 408 3753 Praef.
425 3713 474 3752 ad
493 3713 600 3754 Psal.
618 3715 685 3755 74.
725 3716 819 3756 Nou
833 3718 938 3757 enim
957 3730 1067 3757 amor

1063 3801 1095 3835 L
