2378 4134
552 234 1156 292 CONFESSIONUM
1194 228 1434 287 LIBER
1471 232 1570 284 VI.
1919 231 1988 280 83

137 371 485 442 promiseram
521 366 886 438 placidissime
920 374 976 420 et
1009 365 1225 437 pectore
1259 365 1423 435 pleno
1458 361 1675 414 fiduciae
1711 359 1992 430 respondit

135 457 288 520 mihi,
332 454 542 509 credere
587 471 643 506 se
685 453 743 505 in
788 452 1023 516 Christo,
1068 450 1215 522 quod
1262 450 1579 519 priusquam
1623 445 1691 498 de
1732 446 1837 498 hac
1878 446 1992 497 vita

135 542 428 609 emigraret,
452 558 538 591 me
563 539 743 591 visura
777 545 919 590 esset
954 537 1167 589 fidelem
1203 534 1545 589 catholicum.
1622 533 1699 584 Et
1728 531 1836 583 hoc
1872 531 1990 601 qui-

137 626 258 679 dem
316 625 465 676 mihi.
565 624 693 676 Tibi
743 630 938 686 autem,
987 622 1108 674 sons
1155 618 1654 681 misericordiarum,
1703 634 1892 686 preces
1939 625 1993 668 et

136 713 397 781 lacrymas
431 708 754 774 densiores‘,
780 717 841 762 ut
877 711 1200 762 accelerares
1239 706 1561 777 adjutorium
1594 712 1746 755 tuum
1781 710 1834 754 et
1869 703 1990 753 illu-

135 798 362 849 minares
400 797 644 848 tenebras
681 813 857 858 meas3
898 802 953 847 et
990 793 1282 847 studiosius
1316 792 1388 844 ad
1420 791 1727 843 Ecclesiam
1765 805 1991 851 currere,

136 889 190 935 et
211 883 268 933 in
294 879 674 934 Ambrosium*
701 899 793 932 ora
829 878 1105 950 suspendi,
1130 879 1207 930 ad
1225 879 1444 946 fontem
1473 878 1720 928 salientis
1747 893 1902 944 aquoe
1930 875 1991 925 in
2008 875 2099 968 {gh-
2121 878 2159 922 4,

135 969 302 1020 vitam
328 974 603 1019 cetermrm.
680 966 960 1032 Diligebat
989 970 1166 1016 autem
1192 964 1344 1014 illum
1369 963 1542 1014 virum
1567 964 1711 1013 sicut
1737 961 1990 1028 anqelu‘m
2011 960 2106 1036 (3:111.
2127 997 2166 1043 4,

136 1053 262 1116 Dei,
278 1052 424 1121 quod
448 1070 545 1122 per
567 1052 718 1102 illum
745 1056 1066 1118 cognoverat
1088 1067 1173 1100 me
1199 1049 1409 1100 interim
1437 1048 1506 1100 ad
1531 1048 1677 1100 illam
1703 1045 1992 1115 ancipitem
2012 1053 2077 1090 14.

135 1137 534 1190 fluctuationem
560 1137 675 1208 jam
712 1155 827 1188 esse
861 1135 1195 1205 perductum,
1221 1152 1318 1203 per
1343 1152 1505 1203 quam
1534 1134 1879 1186 transiturum
1907 1150 1993 1184 me

137 1226 204 1277 ab
244 1224 557 1291 aegritudine
597 1223 667 1276 ad
705 1224 1004 1285 sanitatem,
1024 1223 1406 1274 intercurrente
1440 1222 1665 1274 arctiore
1696 1218 1994 1290 periculo*,

137 1310 292 1380 quasi
331 1328 429 1379 per
466 1310 828 1362 accessionem
872 1326 1035 1378 quam
1080 1307 1320 1360 criticam
1362 1306 1562 1359 medici
1599 1314 1812 1370 vocant,
1851 1313 1995 1358 certa

136 1396 507 1465 praesumebat.

209 1485 258 1531 2.
299 1480 491 1548 Itaque
535 1496 658 1530 cum
701 1477 770 1529 ad
813 1477 1136 1528 Memorias³
1171 1483 1494 1538 sanctorum,
1535 1475 1676 1527 sicut
1717 1476 1773 1526 in
1813 1474 1996 1525 Africa
2076 1480 2135 1518 ll·

139 1566 359 1627 solebat,
378 1566 556 1633 pultes
585 1572 637 1616 et
660 1581 853 1632 panem
881 1570 934 1614 et
958 1580 1162 1613 merum
1189 1562 1471 1625 attulisset,
1492 1567 1653 1630 atque
1681 1561 1748 1612 ab
1777 1560 1994 1612 ostiario
2011 1535 2156 1640 {983¹}ss

140 1650 532 1719 prohiberetur3
571 1649 666 1700 ubi
699 1649 804 1699 hoc
840 1648 1156 1716 episcopum
1193 1646 1426 1699 vetuisse
1465 1647 1735 1714 cognovit,
1762 1651 1871 1697 tam
1905 1645 1995 1714 pie
2014 1644 2126 1737 2¹³1?

138 1741 298 1804 atque
337 1735 646 1786 obedienter
684 1735 938 1801 amplexa
977 1741 1072 1796 est,
1107 1740 1168 1784 ut
1204 1733 1321 1801 ipse
1360 1734 1612 1784 mirarer*
1640 1750 1802 1801 quam
1840 1731 1996 1783 facile
2013 1713 2192 1806 sgpulcra

139 1820 441 1872 accusatrix
468 1819 646 1888 potius
675 1817 1083 1870 consuetudinis
1124 1836 1252 1881 suae,
1280 1837 1441 1887 quam
1471 1818 1825 1886 disceptatrix
1851 1818 1997 1869 illius
2015 1815 2162 1901 Γυῗῑζῑ)

140 1905 519 1973 prohibitionis
554 1906 742 1955 effecta
777 1904 859 1955 sit.
936 1905 1062 1955 Non
1100 1903 1242 1954 enim
1281 1903 1561 1955 obsidebat
1598 1903 1844 1971 spiritum
1882 1902 1998 1972 ejus

140 1990 447 2052 vinolentia,
473 2007 696 2058 eamque
731 1989 1041 2040 stimulabat
1074 1988 1131 2039 in
1169 1988 1352 2039 odium
1379 1989 1490 2040 veri
1524 2007 1672 2040 amor
1699 1989 1828 2052 vini,
1860 1989 1999 2040 sicut

139 2075 423 2143 plerosque
449 2091 619 2125 mares
645 2083 697 2125 et
724 2073 966 2137 feminaS,
994 2074 1088 2142 qui
1115 2073 1183 2125 ad
1210 2073 1481 2125 canticum
1509 2074 1830 2138 sobrietatiS,
1859 2074 2000 2126 sicut

142 2158 209 2210 ad
233 2159 507 2228 potionem
533 2164 782 2227 aquatam
806 2157 1008 2210 madidi
1033 2167 1308 2211 nauseant.
1388 2159 1495 2212 Sed
1520 2160 1614 2212 illa
1641 2179 1762 2212 cum
1790 2161 1997 2212 attulis-

143 2251 221 2295 set
269 2244 558 2295 canistrum
611 2261 733 2295 cum
786 2243 1116 2295 solemnibus
1167 2244 1342 2313 epulis
1391 2246 1787 2313 praegustandis
1837 2255 1998 2314 atque

140 2328 443 2394 largiendis,
470 2329 593 2397 plus
630 2328 790 2379 etiam
826 2346 986 2396 quam
1023 2347 1190 2379 unum
1223 2329 1514 2398 pocillum*
1542 2349 1640 2399 pro
1681 2349 1778 2382 suo
1816 2333 1998 2400 palato

144 2413 270 2465 satis
322 2413 498 2464 sobrio
550 2419 919 2480 temperatum,
969 2413 1113 2464 unde
1169 2413 1535 2479 dignationem
1595 2423 1842 2479 sumeret,
1890 2435 1999 2467 non

143 2499 394 2566 ponebat.
470 2500 545 2549 Et
593 2498 639 2548 si
687 2499 868 2548 multae
920 2503 1114 2560 essent,
1161 2517 1281 2567 quae
1332 2500 1426 2551 illo
1477 2500 1637 2551 modo
1682 2501 2002 2552 videbantur

200 2626 219 2648 ²
251 2623 339 2662 Nec
365 2629 495 2662 tamen
524 2635 595 2660 nos
620 2622 766 2662 eisdem
797 2623 1042 2676 Martyribus

148 2676 311 2730 templa,
351 2677 584 2722 sacerdotia,
624 2690 749 2723 sacra,
778 2685 817 2717 et
850 2677 1043 2718 sacrificia

150 2730 444 2771 constituimus:
491 2732 675 2783 quoniam
718 2745 794 2770 non
845 2731 933 2785 ipsi,
972 2732 1041 2772 sed

151 2785 262 2823 Deus
282 2798 414 2825 eorum
438 2786 551 2825 nobis
576 2793 635 2825 est
669 2786 791 2826 Deus.
855 2787 1040 2825 Honora—

149 2851 238 2878 mus
272 2852 367 2878 sane
410 2840 625 2879 Memorias
664 2853 797 2880 eorum
837 2846 1041 2893 tamquam

1099 2624 1148 2663 ad
1170 2624 1427 2665 imitationem
1449 2627 1585 2666 talium
1616 2640 1845 2667 coronarum
1878 2635 1998 2680 atque

1097 2679 1333 2732 palmarum,
1353 2681 1490 2720 eodem
1522 2683 1700 2721 invocato
1726 2682 1767 2720 in
1788 2682 1996 2728 auxilium,

1098 2746 1143 2772 ex
1165 2733 1323 2774 illorum
1345 2736 1542 2775 memoriae
1573 2737 1824 2776 renovatione
1854 2738 1997 2776 adhor-

1099 2790 1250 2827 temur?
1308 2791 1582 2843 Quaecumque
1613 2789 1731 2842 igitur
1763 2790 1998 2831 adhibentur

1099 2842 1366 2894 religiosorum
1384 2845 1573 2895 obsequia
1586 2845 1626 2883 in
1644 2847 1869 2898 Martyrum
1884 2846 1997 2892 locis,

149 2901 368 2933 sanctorum
392 2893 591 2933 hominum
627 2895 722 2943 Dei,
740 2895 807 2947 qui
838 2908 962 2948 usque
993 2896 1042 2934 ad

149 2956 312 2986 mortem
352 2961 555 3001 corporum
592 2961 747 2987 suorum
781 2962 850 3003 pro
881 2949 1044 2989 veritate

148 3008 358 3049 certarunt,
395 3011 437 3041 ut
474 3002 732 3042 innotesceret
764 3016 852 3043 vera
889 3004 1040 3055 religi0,

149 3054 260 3094 salsis
284 3055 461 3107 fictisque
484 3057 694 3097 convictis:
734 3057 840 3109 quod
867 3059 987 3098 etiarn
1009 3059 1040 3098 si

149 3108 216 3159 qui
237 3116 352 3148 antea
383 3111 619 3158 sentiebant,
651 3111 826 3152 timendo
856 3113 1039 3166 reprime-

150 3161 261 3201 bant.
336 3164 436 3210 Quis
473 3173 603 3205 autem
646 3165 794 3205 audivit
824 3167 1039 3219 aliquando

151 3213 323 3253 fidelium
354 3223 520 3257 stantem
550 3220 790 3259 sacerdotem
821 3221 872 3260 ad
911 3221 1034 3261 altare

152 3268 269 3328 etiam
289 3281 404 3322 super
420 3279 598 3312 sanctum
618 3286 759 3328 corpus
779 3275 968 3323 Martyris
984 3275 1035 3315 ad

154 3322 233 3360 Dei
269 3322 451 3364 honorem
490 3327 717 3381 cultumque
754 3337 1035 3375 constructum,

152 3374 282 3415 dicere
303 3376 343 3414 in
390 3378 553 3426 recibus,
571 3380 688 3421 offero
706 3382 777 3421 tibi
805 3384 1037 3423 sacrificium

153 3429 283 3475 Petre,
314 3444 360 3470 ve
414 3432 552 3478 Paule,
586 3434 647 3474 vel
684 3437 742 3488 Cy
775 3437 907 3485 riane;
949 3450 1038 3477 cum

152 3484 257 3538 apud
292 3497 426 3524 eorum
469 3487 681 3529 Memorias
714 3504 737 3530 o
768 3498 899 3531 eratur
936 3492 1042 3540 Deo,

154 3537 223 3590 qui
241 3551 308 3577 cos
326 3548 364 3578 et
383 3539 562 3581 homines
584 3549 623 3582 et
652 3544 850 3598 Martyres
877 3545 983 3594 fecit,
1003 3553 1043 3586 et

152 3593 298 3632 sanctis
315 3594 396 3632 suis
417 3594 580 3645 Angelis
598 3596 743 3637 celesti
756 3598 899 3638 honore
915 3601 1041 3640 socia-

152 3646 227 3694 vit3
271 3654 314 3686 ut
347 3660 395 3687 ea
431 3648 659 3690 celebritate
685 3657 725 3690 et
752 3653 842 3693 Deo
869 3666 960 3693 vero
995 3654 1044 3693 de

153 3698 306 3741 illorum
335 3701 505 3741 victoriis
535 3706 681 3756 gratias
710 3717 885 3758 agamus,
906 3714 943 3747 et
975 3721 1044 3747 nos

1099 2905 1330 2937 ornamenta
1353 2906 1445 2938 sunt
1465 2899 1763 2946 Memoriarum,
1787 2914 1863 2938 non
1885 2914 1998 2941 sacra

1100 2951 1162 2990 vel
1185 2952 1377 2991 sacrificia
1408 2962 1644 2993 mortuorum
1674 2959 1876 3006 tamquam
1904 2955 1997 2995 deo·

1097 3018 1199 3046 rum.
1259 3007 1511 3060 Quicumque
1532 3009 1650 3047 etiam
1673 3010 1810 3062 epulas
1829 3023 1921 3048 suas
1950 3024 1997 3049 eo

1097 3058 1289 3107 deferunt,
1311 3064 1416 3114 quod
1434 3062 1595 3115 quidem
1618 3078 1640 3103 a
1662 3063 1896 3103 Christianis
1916 3078 1997 3104 me·

1096 3113 1257 3154 lioribus
1279 3129 1355 3154 non
1377 3116 1433 3161 fit,
1456 3125 1494 3155 et
1516 3117 1554 3155 in
1576 3117 1773 3171 plerisque
1804 3125 1995 3157 terrarum

1096 3168 1207 3208 nulla
1237 3171 1328 3209 talis
1358 3178 1417 3210 est
1445 3172 1713 3220 consuetud03
1745 3178 1877 3210 tamen
1908 3172 1995 3224 qui-

1089 3235 1257 3275 cumque
1269 3224 1309 3263 id
1321 3225 1485 3272 faciunt,
1498 3231 1614 3277 (quas
1625 3239 1714 3266 cum
1728 3227 1996 3279 apposuerint,

1090 3285 1216 3322 orant,
1248 3285 1287 3316 et
1317 3279 1516 3323 auferunt,
1538 3287 1579 3319 ut
1613 3287 1831 3327 vescantur,
1854 3280 1916 3319 vel
1948 3295 1996 3320 ex

1091 3331 1148 3370 eis
1163 3331 1281 3370 etiam
1310 3332 1580 3384 indigentibus
1605 3334 1863 3385 largiantur,)
1881 3347 1995 3374 sanc·

1093 3384 1233 3424 tificari
1255 3386 1328 3425 sibi
1353 3400 1421 3426 eas
1451 3388 1586 3427 volunt
1615 3402 1684 3441 per
1715 3389 1855 3427 merita
1882 3390 1994 3428 Mar-

1097 3445 1224 3487 tyrum
1265 3439 1306 3478 in
1347 3441 1503 3480 nomine
1543 3442 1705 3481 Domini
1753 3443 1994 3495 Martyrum.

1098 3492 1137 3531 N
1141 3505 1190 3531 on
1213 3500 1343 3532 autem
1362 3507 1446 3534 esse
1466 3496 1540 3534 ista
1558 3496 1750 3536 sacrificia
1769 3498 1994 3550 Martyrum

1098 3547 1221 3593 novit,
1242 3547 1311 3600 qui
1334 3548 1440 3588 novit
1469 3562 1608 3592 unum.
1630 3550 1735 3603 quod
1766 3551 1884 3590 etiam
1914 3552 1995 3591 illic

1098 3599 1257 3639 offertur
1287 3602 1519 3642 sacrificium
1552 3603 1877 3645 Christianorum.
1928 3607 1994 3646 De

1101 3655 1190 3693 Civ.
1213 3654 1303 3703 Dei,
1326 3656 1352 3695 l.
1372 3656 1449 3699 viii.
1469 3672 1504 3697 c.
1524 3659 1590 3698 27.

1033 3782 1127 3827 (32
