2378 4134
108 320 230 361 habet
245 320 298 363 ad

107 383 242 416 tenta-

106 431 235 472 tiones

105 485 281 527 carnalis

106 541 299 584 libidinis.

110 611 127 649 l
146 610 174 650 J
178 609 243 650 oh.
252 611 295 659 2,

110 666 175 706 16.

319 176 423 227 188
797 171 853 226 S.
893 169 1341 226 AUGUSTINI
1382 171 1742 227 EPISCOPI

314 303 769 376 concupiscentia
794 305 1096 371 oculorum,
1113 311 1168 357 et
1187 305 1487 359 ambitione
1514 305 1743 360 saeculi·.
1785 304 2012 359 Jussisti
2031 323 2064 359 a
2081 302 2222 360 con?

313 393 531 458 cubitu3
564 399 620 445 et
645 391 714 445 de
739 391 864 462 ipso
891 390 1150 463 conjugio
1166 390 1366 444 melius
1386 391 1599 463 aliquid
1623 391 1883 446 monuisti
1900 411 2067 463 quam
2082 411 2209 447 con—

312 479 542 534 cessisti.
581 479 660 533 Et
671 478 933 549 quoniam
945 476 1164 543 dedisti,
1174 478 1379 531 factum
1394 484 1479 532 est
1493 485 1549 532 et
1563 487 1858 550 antequam
1870 477 2213 549 dispensator
2237 503 2244 506 ·

312 566 638 621 sacramenti
663 565 745 619 tui
771 565 974 618 fierem.
1042 563 1155 618 Sed
1179 563 1361 617 adhuc
1387 565 1581 618 vivunt
1604 565 1663 618 in
1688 565 1953 619 memoria
1976 584 2115 631 mea,
2143 565 2210 620 de

313 674 425 726 qua
449 656 623 708 multa
647 655 868 708 locutus
895 671 1034 717 sum,
1054 653 1249 705 talium
1275 670 1454 706 rerum
1477 653 1766 723 imagineS,
1783 672 1920 724 quas
1946 651 2063 707 ibi*
2082 672 2211 708 con-

311 742 544 796 suetudo
559 760 682 794 mea
697 740 846 805 fixit3
876 746 931 792 et
947 752 1303 793 occursantur
1318 740 1454 793 mihi
1465 741 1716 810 vigilanti
1735 741 1959 813 quidem
1972 747 2214 795 carentes
2256 764 2257 767 ¹

309 831 538 894 viribUS,
563 830 623 882 in
659 828 868 882 somnis
903 834 1086 880 autem
1119 846 1232 880 non
1268 829 1447 881 solum
1473 848 1650 901 usque
1677 830 1748 883 ad
1775 829 2213 894 delectationem,

311 918 409 972 sed
434 918 599 970 etiam
623 933 800 986 usque
826 915 897 968 ad
924 916 1347 969 consensionem
1371 917 1692 988 factumque
1719 917 2075 970 simillimum.
2139 917 2217 970 Et

308 1011 522 1059 tantum
548 1004 696 1056 valet
725 1001 986 1071 imaginis
1019 1002 1205 1055 illusio
1238 1003 1299 1055 in
1337 1003 1521 1057 anima
1556 1022 1680 1057 mea
1714 1010 1769 1057 et
1801 1004 1861 1055 in
1890 1021 2051 1056 carne
2076 1022 2216 1070 mea,

309 1099 372 1145 ut
410 1090 701 1144 dormienti
739 1090 880 1143 falsa
912 1090 1032 1143 visa
1068 1090 1435 1160 persuadeant
1470 1091 1623 1162 quod
1659 1091 1913 1160 vigilanti
1945 1109 2073 1144 vera
2104 1110 2216 1144 non

310 1186 561 1250 possunt.
639 1178 932 1250 Numquid
958 1187 1089 1233 tunc
1117 1198 1221 1248 ego
1247 1198 1360 1233 non
1387 1199 1528 1247 sum,
1556 1180 1796 1233 Domine
1823 1181 1980 1233 Deus
2016 1178 2209 1233 meus?

314 1270 395 1323 Et
424 1276 607 1321 tamen
639 1274 854 1322 tantum
890 1268 1117 1321 interest
1155 1269 1298 1322 inter
1329 1271 1603 1340 meipsum
1639 1276 1692 1323 et
1727 1270 2034 1339 meipsum3
2075 1268 2217 1322 intra

312 1362 653 1408 momentum
694 1373 803 1425 quo
843 1354 974 1407 hinc
1016 1353 1086 1407 ad
1126 1374 1378 1426 soporem
1417 1362 1652 1422 transe0‚
1687 1358 1775 1409 vel
1817 1356 1928 1410 huc
1971 1354 2099 1408 inde
2136 1374 2217 1408 re-

316 1440 563 1496 transeo!
627 1442 742 1496 Ubi
777 1448 860 1494 est
892 1452 1023 1495 tunc
1062 1443 1218 1509 ratio,
1248 1462 1372 1513 quae
1406 1444 1610 1496 talibus
1648 1443 2097 1512 suggestionibus
2133 1461 2213 1496 re-

317 1531 462 1584 sistit
485 1528 757 1598 vigilans?
819 1531 896 1582 Et
923 1529 968 1581 si
993 1547 1079 1582 res
1104 1530 1241 1599 ipsae
1267 1530 1601 1599 ingerantur,
1620 1532 1954 1584 inconcussa
1979 1527 2217 1582 manet*.

316 1617 606 1689 Numquid
631 1616 904 1670 clauditur
931 1635 1056 1669 cum
1083 1614 1296 1670 oculis?
1339 1617 1611 1689 numquid
1650 1619 1862 1689 sopitur
1889 1636 2015 1671 cum
2043 1617 2214 1669 sensi-

313 1708 419 1760 bus
463 1703 745 1775 corporis?
824 1705 902 1756 Et
945 1702 1091 1756 unde
1137 1722 1285 1773 saepe
1332 1706 1495 1758 etiam
1540 1705 1598 1757 in
1644 1705 1849 1757 somnis
1892 1704 2217 1768 resistimus,

314 1792 597 1863 nostrique
633 1790 907 1861 propositi
943 1808 1230 1856 11101110108,
1261 1797 1427 1862 atque
1460 1791 1519 1843 in
1556 1809 1621 1844 eo
1659 1791 1966 1844 castissime
2004 1808 2217 1860 perma-

314 1886 525 1944 nenteS,
564 1880 777 1931 nullum
816 1877 1019 1930 talibus
1057 1877 1331 1930 illecebris
1371 1878 1699 1932 adhibemus
1741 1877 2060 1932 assensum?
2141 1878 2219 1930 Et

314 1976 500 2021 tamen
536 1973 750 2020 tantum
788 1965 1032 2031 interest,
1067 1971 1128 2016 ut
1166 1984 1292 2018 cum
1332 1966 1486 2018 aliter
1525 1965 1745 2031 accidit,
1780 1966 2106 2034 evigilantes
2148 1964 2220 2018 ad

314 2054 669 2109 conscientiae
694 2053 939 2124 requiem
966 2051 1283 2116 redeamus3
1324 2053 1556 2123 ipsaque
1585 2053 1846 2107 distantia
1878 2053 2215 2124 reperiamus

314 2162 416 2196 nos
448 2161 560 2194 non
594 2141 808 2205 fecisse,
837 2139 988 2210 quod
1027 2146 1208 2191 tamen
1245 2139 1303 2190 in
1339 2140 1500 2192 nobis
1537 2159 1762 2211 quoquo
1802 2140 1966 2193 modo
2007 2139 2217 2193 factum

315 2250 435 2286 esse
463 2231 768 2284 doleamus

389 2324 476 2372 42.
520 2316 808 2388 Numquid
858 2334 970 2368 non
1013 2322 1212 2386 potens
1266 2315 1359 2368 es*
1401 2316 1555 2369 Deus
1608 2316 1978 2386 omnipotenS,
2025 2334 2220 2369 sanare

314 2427 504 2461 omnes
535 2409 829 2475 languores
865 2405 1061 2458 animae
1094 2423 1249 2470 meae,
1277 2412 1441 2475 atque
1478 2405 1876 2459 abundantiore
1914 2405 2088 2474 gratia
2122 2414 2223 2459 tua

312 2496 550 2549 lascivos
600 2500 782 2547 motus
838 2493 1003 2546 etiam
1054 2492 1162 2544 mei
1221 2492 1435 2562 soporis
1493 2491 1877 2562 exstinguere?
1946 2493 2215 2561 AugebiS,

315 2584 572 2648 Domine,
598 2582 777 2650 magis
815 2580 1103 2650 magisque
1143 2580 1201 2631 in
1240 2598 1326 2632 me
1366 2599 1591 2634 munera
1628 2588 1740 2646 tua,
1781 2588 1843 2633 ut
1881 2580 2063 2633 anima
2101 2598 2226 2632 mea

316 2678 576 2742 sequatur
604 2688 690 2722 me
719 2667 789 2721 ad
816 2674 887 2733 te,
915 2667 1379 2737 concupiscentiae
1415 2668 1568 2722 visco
1605 2667 1886 2738 expedita,
1913 2674 1976 2719 ut
2007 2686 2120 2721 non
2157 2666 2228 2719 sit

313 2759 535 2811 rebellis
563 2757 687 2822 sibi,
715 2762 880 2827 atque
907 2762 968 2807 ut
992 2755 1051 2806 in
1079 2754 1286 2807 somnis
1325 2755 1508 2821 etiam,
1535 2775 1647 2808 non
1675 2757 1852 2808 solum
1885 2774 1999 2808 non
2025 2773 2222 2825 perpe-

315 2852 418 2898 tret
453 2846 587 2898 istas
627 2843 1056 2913 corruptelarum
1099 2838 1469 2911 turpitudines
1507 2861 1605 2912 per
1648 2842 1918 2910 imagines
1958 2842 2225 2894 animales

315 2951 491 3002 usque
519 2931 588 2985 ad
615 2930 794 2984 carnis
828 2930 1061 2993 fluxum,
1090 2928 1186 2980 sed
1211 2947 1281 2981 ne
1318 2929 1627 2982 consentiat
1662 2929 1901 2999 quidem.
1980 2929 2126 2980 Nam
2164 2934 2227 2980 ut

315 3019 455 3071 nihil
483 3019 592 3071 tale
625 3018 707 3069 vel
724 3016 1000 3069 tantillum
1018 3014 1191 3066 libeat
1203 3011 1246 3078 *,
1268 3017 1593 3084 quantulum
1608 3015 1785 3085 possit
1807 3020 1946 3066 nutu
1965 3013 2227 3078 cohiberi,

371 3172 387 3195 ⁸
423 3167 524 3210 Haec
547 3173 681 3207 autem
713 3165 788 3205 tria
819 3178 965 3220 genera
983 3164 1184 3209 vitiorum,
1205 3162 1246 3203 id

315 3230 376 3264 est
396 3223 581 3277 voluptas
600 3221 745 3269 carnis,
765 3228 806 3261 et
825 3219 1025 3275 superbia,
1045 3226 1086 3260 et
1115 3219 1245 3260 curio-

317 3279 427 3325 sitas,
446 3278 583 3318 omnia
614 3284 782 3332 peccata
812 3276 1080 3317 concludunt.
1141 3276 1245 3323 Quae

319 3334 417 3374 mihi
436 3333 620 3374 videntur
647 3347 672 3373 a
703 3333 728 3373 J
734 3332 892 3373 ohanne
922 3331 1118 3387 Apostolo
1147 3344 1250 3370 enu-

319 3396 487 3430 merata.
548 3390 627 3429 Per
646 3388 784 3429 oculos
801 3388 906 3428 enim
924 3387 1097 3427 maxime
1117 3384 1247 3426 curio-

320 3447 413 3486 sitas
444 3445 651 3500 praevalet.
712 3443 890 3498 Reliqua
910 3456 1004 3484 vero
1024 3455 1104 3496 quo
1129 3441 1247 3496 perti-

322 3507 457 3548 neant,
478 3500 732 3540 manifestum
753 3506 826 3540 est.
878 3500 932 3539 Et
951 3499 1023 3538 illa
1045 3495 1250 3537 Dominici

320 3556 491 3596 hominis
508 3557 673 3596 tentatio
688 3554 887 3609 tripartita
899 3560 975 3595 est:
1009 3566 1079 3608 per
1095 3552 1249 3596 cibum.

321 3611 362 3651 id
387 3619 459 3658 est,
489 3625 559 3666 per
587 3611 953 3665 concupiscentiam
986 3608 1140 3659 carnis3
1178 3608 1249 3648 ubi

322 3666 557 3720 suggeritur,
580 3676 590 3691 ⁴
612 3666 691 3707 Dic
718 3665 921 3721 lapidibus
946 3664 1025 3706 istis
1051 3671 1095 3705 ut
1127 3676 1251 3718 panes

324 3721 464 3763 fiantz’
494 3735 563 3778 per
592 3721 756 3764 inanem
787 3720 1053 3777 jactantiam5
1094 3719 1179 3768 ubi,
1209 3718 1251 3760 in

1304 3170 1437 3203 monte
1459 3163 1687 3212 constitum,
1703 3163 1964 3204 ostenduntur
1985 3163 2119 3204 omnia
2140 3177 2226 3217 reg-

1304 3231 1357 3257 na
1378 3218 1499 3273 hujus
1518 3226 1649 3268 terrae,
1672 3227 1711 3260 et
1731 3220 2018 3274 promittuntur
2036 3219 2067 3259 si
2086 3219 2228 3259 adora-

1304 3273 1423 3314 verit:
1467 3288 1539 3329 per
1576 3275 1842 3316 curiositatem
1860 3291 1871 3326 ;
1915 3275 1987 3316 ubi
2021 3275 2072 3315 de
2105 3273 2230 3329 pinna

1303 3329 1442 3384 templi
1469 3331 1706 3370 admonetur
1734 3339 1777 3371 ut
1802 3345 1843 3372 se
1869 3332 2053 3371 deorsum
2084 3330 2229 3375 mittat.

1303 3385 1484 3425 tentandi
1513 3386 1641 3438 gratia
1668 3394 1803 3426 utrum
1834 3388 1885 3427 ab
1912 3385 2083 3438 Angelis
2107 3384 2230 3425 susci-

1305 3440 1447 3495 piatur.
1493 3441 1637 3495 Itaque
1657 3449 1914 3496 posteaquam
1934 3441 2047 3482 nullo
2067 3440 2228 3481 istorum

1305 3503 1548 3536 tentamento
1566 3496 1698 3537 valere
1718 3499 1828 3553 apud
1847 3511 1939 3539 eum
1962 3497 2088 3552 potuit
2102 3495 2229 3536 inimi-

1306 3565 1392 3598 cus,
1414 3551 1491 3592 hoc
1512 3552 1562 3592 de
1582 3552 1653 3593 illo
1670 3553 1830 3602 dicitur,
1853 3558 1863 3575 ‘
1883 3554 2101 3605 Postquam
2120 3564 2228 3590 com-

1306 3606 1428 3671 plevit
1441 3621 1600 3648 omnem
1613 3608 1871 3651 tentationem
1884 3607 2101 3650 diabolus:
2121 3605 2229 3658 Aug.

1308 3677 1350 3704 m
1374 3664 1444 3706 Ps.
1464 3665 1504 3705 8.
1522 3677 1562 3705 v.
1577 3664 1646 3706 fin.
