2378 4134
822 192 880 247 8.
907 189 1352 248 AUGUSTINI
1391 180 1755 249 EPIS'COPI

335 322 622 378 famelicaq
647 323 985 394 cogitatione
1020 325 1287 380 lambunt.
1362 328 1442 381 Et
1465 345 1499 382 o
1526 327 1575 381 si
1598 327 1897 397 fatigentur
1926 324 2114 380 inedia
2123 324 2155 391 ',
2180 330 2237 380 et
2298 326 2301 330 ⁴
2360 301 2365 351 '¹

339 410 556 466 dicant:
603 411 742 469 Quis
767 413 1014 467 ostendet
1047 412 1201 467 nobis
1238 412 1377 467 bona
1395 412 1424 465 ‚P
1490 415 1570 468 Et
1600 414 1866 483 dicamUS,
1893 421 1949 468 et
1979 412 2233 468 audiant:
2360 439 2363 449 ·

338 499 637 568 Siqnatum
670 506 751 553 est
774 501 836 552 in
861 498 1016 552 nobis
1045 501 1233 552 lumen
1259 500 1443 552 vultus
1466 501 1571 565 tui,
1597 502 1854 554 Domine.

344 186 448 243 152

1931 501 2064 554 Non
2089 499 2235 552 enim
2303 511 2307 517 ·
2371 558 2378 579 ,Ι

127 591 521 647 Joh.1‚9.lumen
545 608 648 642 nos
675 607 863 642 sumus
888 589 1035 659 quod
1057 590 1347 641 illuminat
1373 606 1584 642 omnem
1623 591 1895 642 homin-em
1914 612 1932 647 ;
1977 588 2075 641 sed
2110 588 2235 639 illu·
2308 580 2353 654 ‚3'

126 691 235 747 Eph.
256 695 298 741 5,
332 678 606 732 minamur
633 697 666 731 a
691 686 762 742 te,
788 686 850 730 ut
875 677 972 748 qui
979 679 1211 747 fuimus
1236 677 1542 746 aliquando
1569 678 1827 746 tenebrae,
1855 679 2024 730 simus
2048 679 2150 730 lua·
2173 677 2236 729 in

128 749 169 790 8.
333 771 402 819 τεᾷ
482 767 530 820 Ο
559 766 606 818 81
631 765 878 819 viderent
909 765 1187 818 internum
1223 773 1484 818 aeternum
1496 762 1540 832 *‚
1567 766 1719 836 quod
1751 784 1854 835 ego
1887 766 2019 836 quia
2052 772 2235 834 gusta-

331 873 533 918 veram,
577 853 912 917 frendebam,
958 852 1220 922 quoniam
1262 870 1376 903 non
1421 851 1500 904 eis
1548 858 1796 922 poteram
1839 851 2141 919 ostendere,
2187 852 2234 905 si

331 943 584 995 afferrent
619 941 689 994 ad
722 958 810 992 me
837 956 932 993 cor
953 939 1014 992 in
1040 939 1215 993 0011118
1241 940 1356 992 81118
1381 939 1510 992 foris
1539 959 1571 994 a
1597 947 1668 1005 te,
1695 947 1751 994 et
1775 939 2019 994 dicerent
2039 928 2072 994 :⁶
2098 941 2238 997 Quis

328 1028 575 1080 ostendet
611 1026 764 1080 nobis
796 1026 936 1079 bona
959 1025 987 1077 ,9
1049 1027 1140 1080 Ibi
1176 1028 1341 1093 0111111,
1367 1025 1501 1080 ubi*
1527 1029 1666 1081 mihi
1699 1028 1870 1082 iratus
1909 1047 2054 1082 eram
2085 1028 2236 1080 intus

325 1114 385 1166 in
425 1114 614 1180 cubili,
640 1115 739 1168 ubi
779 1121 1144 1184 compunctus
1184 1133 1348 1179 eram,
1382 1115 1479 1167 ubi
1518 1115 1951 1169 sacrificaveram
1988 1123 2236 1168 mactans

325 1209 652 1255 vetustatem
690 1220 886 1269 meam,
915 1210 969 1254 et
1003 1203 1264 1255 inchoata
1301 1201 1653 1256 meditatione
1690 1204 2061 1257 renovationis
2097 1222 2233 1256 meae

119 1297 192 1338 Ps.
211 1298 252 1346 4,
269 1297 309 1338 7.
326 1309 553 1360 sperans
592 1292 651 1343 in
686 1298 758 1358 te,
786 1291 865 1344 ibi
902 1291 1040 1343 mihi
1080 1290 1394 1344 dulcescere
1435 1310 1699 1362 coeperaS,
1727 1300 1782 1345 et
1819 1293 2050 1346 dederas
2088 1294 2234 1346 laeti-

326 1380 466 1432 tiam
513 1381 575 1432 in
621 1380 783 1432 corde
833 1397 966 1431 meo,
1044 1378 1122 1430 Et
1163 1378 1542 1431 exclamabam
1587 1380 1777 1448 legens
1820 1381 1943 1434 haec
1986 1381 2136 1447 foriS,
2180 1386 2235 1434 et

324 1487 632 1538 agnoscens
687 1470 870 1534 intus3
927 1486 1030 1521 nec
1076 1469 1328 1520 volebam
1368 1469 1749 1539 multiplicaris
1787 1471 2014 1523 terrenis
2052 1471 2233 1536 boniS,

323 1555 589 1610 devorans
639 1564 889 1626 tempora
928 1560 983 1606 et
1023 1552 1311 1605 devoratus
1364 1555 1703 1624 temporibus
1716 1554 1757 1621 *‚
1798 1575 1923 1609 cum
1973 1557 2233 1610 haberem

115 1653 212 1694 Ver.
235 1654 275 1694 8.
320 1645 380 1696 in
409 1651 611 1697 aeterna
638 1642 1018 1713 simplicitates
1046 1640 1197 1693 aliud
1207 1641 1589 1710 fiwmentum,
1616 1649 1670 1695 et
1695 1645 1903 1709 vinum,
1931 1651 1983 1697 et
2009 1647 2204 1697 oleum.

401 1733 486 1783 11.
526 1733 605 1783 Et
631 1731 938 1784 clamabam
964 1727 1023 1779 in
1050 1729 1409 1797 consequenti
1446 1746 1607 1781 versu
1643 1731 1876 1783 clamore
1914 1733 2024 1784 alto
2052 1732 2232 1785 cordis

319 1819 461 1874 mei:
509 1821 556 1872 0
581 1821 642 1871 in
659 1837 805 1886 pace
825 1818 844 1868 J
885 1836 914 1869 o
939 1818 1000 1868 in
1026 1816 1270 1883 idipsum
1294 1816 1314 1866 s
1357 1836 1389 1869 o
1418 1817 1554 1887 quid
1582 1816 1753 1870 dixit:
1801 1818 2155 1872 obdormiam
2177 1827 2232 1872 et

317 1925 567 1960 sommam
589 1908 810 1974 capiam
835 1905 854 1955 J
897 1902 1198 1964 Quoniam‘
1217 1902 1341 1973 quis
1357 1904 1574 1957 resistet
1593 1905 1754 1958 nobis
1782 1924 1906 1959 cum
1934 1906 2030 1959 fiet
2055 1925 2231 1960 8011110

319 1995 415 2065 qui
456 1994 693 2064 scriptus
732 2000 832 2057 est,
873 1991 1141 2058 Absorpta
1177 1997 1257 2042 est
1290 2009 1435 2042 mors
1471 1993 1532 2043 in
1573 1994 1862 2046 victoriam
1888 1991 1916 2044 :9
1964 1996 2042 2047 Et
2077 2001 2136 2046 tu
2171 2012 2231 2047 es

318 2083 577 2151 Idipszmz
605 2081 765 2134 valde
804 2082 901 2150 qui
926 2097 1035 2131 non
1061 2080 1302 2130 mutaris
1321 2100 1339 2137 ;
1384 2085 1439 2131 et
1469 2078 1529 2130 in
1562 2086 1615 2132 te
1646 2081 1866 2151 requies
1894 2082 2227 2135 obliviscens

116 2013 133 2050 l
161 2012 254 2053 Cor.

115 2069 181 2117 15,
203 2069 272 2110 54.

371 2275 394 2310 q
424 2274 608 2322 Quorum
645 2270 733 2311 vita
761 2276 820 2311 est
852 2276 1048 2323 spectare,
1080 2275 1243 2309 conten·
1301 2267 1489 2321 gitatione
1517 2269 1704 2318 distenta,
1723 2270 1891 2325 simplex
1920 2271 2070 2311 bonum
2095 2271 2230 2312 videre

318 2328 428 2375 dere,
467 2328 728 2371 manducare,
770 2326 922 2372 bibere,
961 2324 1243 2368 concumbere,
1303 2337 1383 2363 non
1403 2323 1567 2364 sinitur:
1600 2326 1729 2378 qualis
1748 2334 1806 2366 est
1823 2327 1895 2366 illa
1911 2328 1960 2366 de
1976 2340 2056 2380 qua
2069 2326 2228 2375 dicitur,

318 2384 505 2430 dormire,
524 2390 564 2423 et
583 2383 623 2422 in
644 2382 882 2434 cogitatione
909 2394 981 2420 sua
1010 2380 1106 2419 nihil
1134 2379 1243 2419 aliud
1305 2385 1332 2402 “
1357 2378 1541 2433 deprimit
1590 2387 1746 2421 terrena
1788 2380 2022 2422 inhabitatio
2069 2395 2228 2422 sensum

317 2453 440 2495 quam
460 2439 740 2494 phantasmata
760 2451 851 2490 (111εο
873 2437 922 2476 (10
943 2436 1012 2476 tali
1031 2436 1112 2475 vita
1130 2435 1237 2475 colli·
1297 2435 1425 2474 multa
1439 2435 1721 2488 cogitantem.'’
1735 2444 1749 2487 (
1765 2437 1860 2491 Sap.
1873 2437 1933 2490 9.)
1951 2437 2062 2477 Talis
2079 2438 2229 2485 anima,

317 2503 417 2550 gunt
438 2494 675 2549 amplexari.
735 2493 843 2533 Ibid.
866 2506 957 2546 cap.
979 2493 1046 2531 54.

373 2556 389 2578 ¹¹
421 2552 530 2591 Nam
560 2549 629 2602 qui
650 2549 834 2589 videntur
862 2548 935 2588 sibi
964 2546 1129 2601 copiosi,
1150 2559 1241 2586 cum

318 2607 396 2647 sint
417 2606 607 2652 famelici,
619 2614 660 2645 et
677 2604 786 2659 pleni
798 2637 803 2648 ,
815 2618 906 2644 cum
919 2604 996 2644 sint
1013 2601 1242 2650 inanissimi,

318 2676 399 2703 non
421 2668 719 2702 convertuntur.
770 2661 877 2714 Aug.
898 2659 937 2699 in
962 2658 1072 2699 Psal.
1093 2660 1159 2698 67.

378 2722 394 2745 ⁸
424 2717 725 2771 Temporalium
746 2716 850 2756 enim
873 2715 1091 2769 specierum
1109 2712 1243 2753 multi-

317 2773 493 2813 formitas
515 2774 565 2812 ab
589 2774 738 2813 unitate
763 2771 840 2812 Dei
858 2771 1060 2811 hominem
1085 2770 1244 2824 lapsum

318 2843 390 2882 per
410 2828 591 2869 carnales
611 2842 747 2868 sensus
766 2825 1047 2871 diverberavit,
1061 2833 1100 2864 et
1116 2832 1245 2864 muta-

320 2884 390 2924 bili
410 2883 601 2924 varietate
622 2882 901 2936 multiplicavit
920 2881 1005 2933 ejus
1024 2881 1211 2920 affectum
1231 2895 1239 2918 :

317 2939 373 2978 ita
400 2939 509 2979 facta
541 2946 599 2978 est
630 2938 876 2978 abundantia
906 2937 1117 2980 laboriosa,
1140 2942 1192 2982 ct,
1215 2935 1246 2974 si

319 2994 402 3034 dici
436 3001 581 3049 potest,
606 2994 764 3047 copiosa
795 2999 971 3047 egestas:
1011 2992 1106 3031 dum
1137 2990 1264 3029 aliud‘

320 3057 443 3103 atque
482 3049 591 3089 aliud
628 3048 818 3101 sequitui,
852 3056 891 3087 et
930 3046 1027 3086 nihil
1068 3060 1159 3086 cum
1198 3059 1245 3084 eo

320 3112 540 3159 permanet.
591 3104 655 3144 Sic
675 3110 700 3126 “
720 3118 744 3143 a
765 3112 942 3156 tempore
963 3102 1148 3141 frumenti
1166 3099 1246 3140 vini

320 3169 361 3200 et
397 3161 476 3201 olei
513 3159 590 3207 sui,
626 3159 913 3213 multiplicatus
949 3158 1052 3201 est‚''
1087 3164 1131 3196 ut
1166 3169 1246 3194 non

320 3215 495 3256 inveniat
526 3219 552 3237 “
576 3215 802 3270 Idipsum,''
828 3214 867 3253 id
895 3221 954 3253 est
982 3220 1163 3252 naturam
1188 3211 1245 3250 in-

322 3270 648 3311 commutabilem
666 3279 705 3310 et
723 3269 978 3324 singularem,
990 3281 1111 3322 quam
1131 3280 1246 3307 secu-

320 3333 387 3366 tus
417 3341 498 3367 non
530 3334 632 3366 erret
659 3333 698 3366 et
736 3331 944 3366 assecutus
981 3337 1059 3363 non
1098 3322 1248 3363 doleat.

321 3382 432 3435 Aug.
451 3384 502 3423 de
520 3383 629 3422 Vera
652 3380 781 3434 Relig.
804 3393 893 3434 cap.
913 3382 983 3419 21.
1025 3380 1121 3419 Non
1141 3377 1247 3418 enim

322 3437 603 3492 multiplicatio
643 3449 799 3491 semper
838 3437 1058 3475 ubertatem
1099 3433 1246 3487 signifi-

322 3501 401 3540 cat,
422 3502 462 3533 et
482 3507 562 3533 non
583 3493 821 3547 plerumque
841 3490 1120 3544 exiguitatem:
1154 3502 1247 3529 cum

321 3548 455 3589 dedita
485 3548 771 3602 temporalibus
805 3546 1077 3600 voluptatibus
1115 3544 1249 3584 anima

322 3616 479 3657 semper
506 3603 727 3644 exardescit
755 3601 990 3657 cupiditate,
1012 3614 1087 3641 nec
1118 3599 1251 3640 satiari

322 3666 465 3713 potest,
484 3666 524 3700 et
545 3658 756 3714 multiplici
777 3665 899 3711 atque
928 3668 1151 3697 aerumnosa
1181 3668 1249 3696 co-

1298 2491 1577 2544 temporalium
1598 2493 1792 2532 bonorum
1816 2493 2042 2534 decessione
2073 2500 2112 2533 et
2137 2506 2227 2533 suc-

1300 2547 1491 2596 cessione,
1511 2546 1537 2587 i.
1562 2561 1598 2586 e.
1620 2553 1646 2571 “
1668 2561 1693 2587 a
1719 2555 1895 2603 tempore
1922 2548 2124 2595 frumenti,
2144 2547 2228 2589 vini

1299 2610 1340 2642 et
1368 2601 1447 2642 olei
1485 2603 1591 2650 sui,”
1621 2603 1980 2644 innumerabilibus
2024 2605 2228 2659 completa

1301 2658 1646 2712 phantasmatibus
1682 2660 1736 2700 sic
1773 2659 2040 2714 multiplicata
2077 2668 2150 2707 est,
2185 2666 2229 2699 ut

1302 2727 1383 2753 non
1420 2714 1541 2767 possit
1576 2727 1691 2769 agere
1730 2716 1838 2769 quod
1874 2723 2118 2770 praeceptum
2153 2722 2226 2762 est,

1304 2775 1330 2793 “
1360 2769 1515 2809 Sentite
1538 2770 1588 2810 de
1620 2772 1797 2811 Domino
1828 2770 1868 2810 in
1898 2772 2087 2818 bonitate,
2114 2778 2154 2810 et
2185 2770 2226 2810 in

1302 2824 1554 2879 simplicitate
1575 2827 1702 2866 cordis
1721 2827 1884 2880 querite
1902 2826 2061 2865 illum.’'
2099 2825 2228 2879 (Sap.

1305 2882 1341 2925 l,
1368 2880 1427 2927 l.)
1488 2881 1571 2920 Ista
1602 2882 1708 2921 enirn
1737 2881 2009 2935 multiplicitas
2038 2880 2099 2919 illi
2133 2881 2225 2919 sim-

1301 2935 1471 2989 plicitati
1491 2935 1743 2976 vehementer
1760 2937 1924 2976 adversa
1943 2935 2225 2987 est.--Singu-

1302 2991 1405 3030 lares
1432 3004 1525 3043 ergo
1556 2999 1596 3031 et
1619 2991 1836 3046 simplices,
1858 2991 1898 3030 id
1929 2999 2001 3039 est,
2031 2991 2170 3031 secreti
2200 3004 2226 3031 a

1302 3045 1556 3085 multitudine
1586 3060 1634 3086 ac
1660 3049 1777 3087 turba
1807 3047 2052 3087 nascentium
2092 3060 2224 3086 rerum

1304 3114 1350 3140 ac
1388 3101 1656 3149 morientium,
1685 3109 1881 3142 amatores
1922 3101 2151 3142 aeternitatis
2185 3110 2226 3142 et

1306 3156 1480 3197 Unitatis
1516 3169 1599 3197 esse
1637 3158 1842 3204 debemus,
1877 3157 1909 3197 si
1946 3157 2015 3197 uni
2056 3158 2146 3197 Deo
2186 3164 2227 3197 et

1305 3212 1483 3251 Domino
1510 3220 1641 3252 nostro
1667 3213 1850 3269 cupimus
1871 3213 2079 3253 inhaerere.
2138 3211 2225 3252 Au-

1302 3274 1405 3321 gust.
1426 3267 1466 3306 in
1488 3267 1597 3308 Psal.
1613 3270 1651 3308 4.

1359 3323 1373 3349 t
1406 3323 1500 3363 Non
1531 3322 1684 3363 dictum
1715 3330 1788 3370 est,
1817 3331 1886 3364 aut
1920 3328 1947 3346 “
1972 3323 2222 3371 Obdormivi,

1303 3384 1343 3417 et
1390 3392 1573 3418 somnum
1611 3379 1727 3434 cepi''
1767 3387 1838 3419 aut
1875 3384 1901 3401 “
1926 3378 2148 3420 Obdormio
2182 3386 2225 3419 et

1304 3447 1486 3473 somnum
1514 3434 1685 3488 capio:”
1712 3435 1796 3482 sed,
1828 3441 1855 3458 “
1880 3434 2157 3482 obdormiam,
2185 3439 2225 3474 et

1304 3502 1485 3528 somnum
1512 3489 1715 3544 capiam.''
1771 3491 1887 3530 Tunc
1919 3498 1945 3515 ‘⁴
1969 3489 2223 3544 corruptibile

1305 3543 1381 3584 hoc
1418 3544 1607 3585 induetur
1643 3546 1953 3601 incorruptione,
1983 3553 2024 3585 et
2059 3545 2224 3584 mortale

1305 3599 1382 3639 hoc
1427 3599 1614 3641 induetur
1662 3600 2008 3642 immortalitate:'’
2067 3605 2095 3624 “
2125 3607 2222 3640 tunc

1306 3655 1581 3698 absorbebitur
1600 3671 1705 3698 mors
1724 3656 1766 3697 in
1786 3656 2032 3699 victoriam.’'
2067 3655 2129 3696 ld.
2152 3653 2216 3694 lb.
