2378 4134
495 189 1035 245 CONFESSIONU
1040 190 1102 241 M
1142 186 1384 241 LIBER
1419 185 1586 236 XHI.
1863 178 1974 233 ⁶267·

43 342 46 347 ·
111 324 384 380 continete
418 340 515 375 vos
548 323 617 374 ab
651 339 732 374 eo,
807 319 1082 374 Evitando
1118 319 1253 372 vivit
1288 317 1487 382 anima,
1513 331 1636 384 quae
1671 311 1979 383 appetendo

116 409 352 464 moritur.
429 407 715 461 Continete
764 423 861 458 vos
910 407 979 460 ab
1028 405 1255 458 immani
1313 402 1521 456 feritate
1573 398 1862 469 superbiae,
1912 397 1980 449 ab

114 495 277 548 inerti
301 494 575 562 voluptate
599 492 846 558 luxuriae,
871 501 925 546 et
948 493 1200 561 asallaci
1223 490 1441 543 nomine
1472 488 1711 540 scientie
1725 507 1743 542 ;
1785 490 1848 536 ut
1873 483 1983 535 sint
2000 482 2026 577 ὲ
2042 479 2147 573 '¹253‘-

117 578 308 632 bestiae
345 583 656 642 mansuetae‚
696 585 750 630 et
788 595 987 647 pecora
1030 576 1283 642 edomita,
1322 581 1377 628 et
1427 572 1645 626 innoxii
1695 574 1986 639 serpentes.
2031 565 2041 581 '

125 666 311 718 Motus
336 664 479 716 enim
507 663 700 716 animae
727 671 853 717 sunt
875 664 967 717 isti
991 663 1050 715 in
1075 661 1362 730 allegoria:
1404 659 1501 713 sed
1525 660 1698 711 fastus
1722 653 1990 717 elationis,

125 758 180 804 et
222 749 508 804 delectatio
550 749 813 815 libidinis,
849 757 903 803 et
940 767 1207 802 venenum
1253 745 1600 810 curiositatis,
1643 749 1825 795 motus
1868 747 1996 793 sunt

127 836 320 891 animae
345 842 601 899 mortuae3
642 835 772 905 quia
807 854 918 888 non
953 836 1031 888 ita
1066 835 1308 900 moritur,
1333 840 1395 886 ut
1428 831 1577 886 omni
1610 835 1763 882 motu
1799 830 1996 888 careat,

122 921 384 992 quoniam
409 921 730 974 discedendo
754 941 790 975 a
798 923 964 992 fonte
987 925 1119 975 vitae
1143 921 1412 985 moritur⁰‚
1432 926 1595 988 atque
1613 917 1691 968 ita
1707 912 2000 982 suscipitur
2016 917 2040 958 J
2045 930 2098 1010 ἓν.
2119 917 2162 960 2,

126 1026 164 1060 a
185 1014 538 1076 praetereunte
566 1008 786 1070 saecuIO,
814 1014 870 1060 et
892 1009 1266 1077 conformatur
1291 1008 1359 1059 ei.
2020 975 2141 1066 izim-

202 1098 289 1146 31.
329 1095 567 1147 Verbum
603 1102 783 1148 autem
822 1104 992 1159 tuum,
1030 1095 1201 1160 Deus,
1213 1095 1350 1164 fons
1392 1094 1514 1145 vitae
1560 1097 1771 1143 aeternae
1817 1094 1917 1150 est,
1951 1094 2005 1138 et
2023 1081 2152 1127 12·²·

132 1197 245 1232 non
280 1179 543 1250 praeterit:
586 1179 821 1250 ideoque
852 1181 911 1231 in
945 1181 1108 1232 verbo
1143 1187 1238 1232 tuo
1277 1178 1562 1232 cohibetur
1586 1176 1678 1227 ille
1715 1174 2007 1235 discessuS‚

134 1265 265 1318 dum
290 1264 487 1318 dicitur
511 1265 689 1328 nobiS,
717 1266 906 1316 Nolite
930 1265 1263 1333 conformari
1301 1265 1430 1316 huic
1454 1263 1644 1314 saeculo
1661 1282 1679 1317 ,·
1724 1267 1785 1311 ut
1799 1258 2010 1326 produ-

133 1357 226 1403 cat
259 1357 427 1414 terra,
459 1351 698 1419 insonte
734 1351 872 1414 vitoe,
904 1352 1151 1402 animam
1191 1351 1475 1412 viventem,
1501 1348 1560 1399 in
1593 1347 1756 1398 verbo
1791 1353 1884 1397 tuo
1918 1360 2016 1413 per

137 1435 516 1503 Evangelistas
556 1445 679 1488 tuos
723 1435 958 1488 animani
997 1435 1382 1498 continentem,
1419 1431 1683 1485 imitando
1722 1431 2017 1483 imitatores
2036 1442 2055 1479 1
2080 1439 2174 1479 Cor.

143 1521 346 1574 Christi
380 1522 475 1573 tui.
553 1523 681 1574 Hoc
721 1527 804 1573 est
833 1521 978 1572 enim
1012 1521 1310 1572 secundum
1342 1537 1531 1587 yenuS,
1560 1517 1818 1588 quoniam
1854 1533 2017 1568 aemu-
2038 1497 2104 1540 Μ’
2128 1495 2166 1532 ¹·

140 1606 271 1660 latio
297 1606 396 1658 viri
423 1607 491 1659 ab
518 1606 693 1659 amico
732 1613 836 1658 est:
878 1606 1091 1670 Estote,
1117 1605 1314 1675 inquit,
1339 1607 1483 1657 sicut
1507 1622 1600 1672 eqo
1621 1626 1638 1661 ,·
1682 1605 1816 1673 qaia
1841 1607 1895 1653 et
1921 1617 2014 1668 eqo
2039 1611 2134 1652 Gal.
2157 1611 2197 1655 4,

143 1694 285 1744 sicut
308 1711 410 1744 vos.
486 1694 573 1745 Ita
605 1699 761 1745 erunt
795 1692 854 1744 in
887 1691 1069 1744 anima
1106 1690 1268 1743 viva*
1299 1690 1480 1743 bestia*
1505 1689 1647 1741 bonae
1683 1689 1742 1740 in
1772 1703 2022 1738 mansue·
2043 1669 2105 1705 12·

142 1777 334 1831 tudine
384 1779 629 1832 actionis,
706 1777 986 1830 Mandasti
1019 1777 1182 1839 enim,
1221 1776 1437 1830 dicens:
1495 1778 1565 1827 In
1603 1772 2025 1827 mansuetudine
2042 1781 2154 1823 Eecl.
2176 1783 2216 1826 3,

146 1883 310 1932 opera
342 1871 440 1916 tua
469 1865 699 1932 perfice,
732 1870 787 1916 et
827 1863 896 1915 ab
940 1865 1088 1916 omni
1125 1864 1341 1914 homine
1379 1863 1641 1929 diliyeriS.
1717 1860 1794 1911 Et
1821 1875 2028 1925 pecora
2046 1839 2110 1877 ¹9·

143 1950 304 2015 bona,
328 1968 501 2019 neque
519 1951 566 2000 si
581 1949 1053 2011 manducaverint,
1072 1947 1420 2000 abnndantia
1433 1969 1451 2005 ;
1495 1965 1667 2017 neque
1686 1948 1733 1997 si
1751 1962 1858 1997 non
1873 1960 2030 1996 man·
2049 1956 2068 1994 1
2093 1954 2189 1997 Cor.

146 2038 495 2101 ducaverint,
539 2038 789 2104 eyentia:
852 2044 906 2090 et
947 2043 1219 2103 serpentes
1259 2036 1409 2100 boni,
1457 2053 1566 2088 non
1617 2031 1910 2102 perniciosi
1957 2029 2027 2089 ad
2048 2012 2088 2056 8,
2112 2010 2153 2048 Β·

151 2122 478 2187 nocendum,
512 2123 608 2175 sed
638 2126 814 2174 astuti
852 2122 919 2175 ad
960 2121 1291 2186 cavendum3
1345 2130 1398 2174 et
1431 2127 1641 2174 tantum
1682 2119 2029 2188 explorantes
2047 2116 2239 2170 Mat.10,

154 2210 505 2279 temporalem
545 2218 808 2274 naturam,
845 2217 1107 2278 quantum
1144 2208 1364 2273 sufficit,
1399 2214 1460 2259 ut
1483 2225 1590 2274 per
1626 2224 1692 2258 ea
1729 2221 1845 2275 quae
1861 2205 2032 2272 facta
2052 2182 2169 2276 ἔξω,
2195 2235 2229 2279 ¹.

156 2302 303 2362 sunt,
326 2297 606 2348 intellecta
631 2297 1003 2362 conspiciatur
1027 2296 1318 2346 oeternitas.
1395 2292 1646 2347 Serviunt
1671 2291 1815 2344 enim
1839 2289 2037 2342 rationi
2051 2293 2122 2331 20.

158 2382 278 2434 haee
304 2382 606 2446 animaliav,
634 2399 757 2434 cum
796 2399 827 2433 a
863 2398 1151 2450 progressu
1184 2380 1455 2431 mortifero
1491 2377 1733 2430 cohibita
1768 2376 1958 2428 vivunt
1982 2382 2037 2427 et

162 2466 299 2519 bona
322 2474 468 2519 sunt.

221 2608 243 2630 ⁰
254 2603 383 2643 Nulla
392 2602 472 2642 vita
483 2609 556 2647 est,
570 2615 662 2654 quae
673 2614 751 2642 non
759 2600 809 2641 sit
817 2613 865 2641 ex
877 2601 981 2648 Deo,
992 2600 1085 2653 quia

169 2658 287 2698 Deus
306 2657 443 2709 utique
464 2669 619 2696 summa
637 2657 719 2696 vita
739 2662 812 2701 est,
833 2661 873 2695 et
892 2655 978 2708 ipse
997 2655 1085 2694 fons

169 2711 437 2752 vitae.-Vita
457 2724 548 2764 ergo
568 2710 792 2750 voluntario
808 2709 968 2749 defectu
988 2710 1084 2750 defi-

166 2767 281 2807 ciens
302 2766 352 2805 ab
371 2779 434 2812 eo,
449 2766 518 2819 qui
536 2778 623 2806 eam
639 2765 750 2812 fecit,
766 2771 806 2805 et
824 2764 935 2818 cujus
953 2777 1081 2805 essen-

173 2821 230 2862 tia
251 2821 468 2866 fruebatur,
489 2827 528 2861 et
546 2820 683 2873 volens
698 2825 840 2860 contra
861 2818 943 2858 Dei
958 2819 1086 2872 legem

171 2875 249 2916 frui
280 2875 521 2929 corporibu5‚
548 2875 692 2927 quibus
722 2887 810 2914 eam
840 2874 957 2913 Deus
989 2886 1087 2928 prae-

172 2929 285 2978 fecit,
305 2929 435 2983 vergit
455 2929 506 2970 ad
526 2929 709 2969 nihilum.
748 2929 858 2969 Nam
877 2927 908 2968 si
931 2941 981 2968 ea
998 2940 1087 2980 quae

180 2985 414 3030 moriuntur,
438 2984 597 3038 penitus
627 2990 884 3030 morerentur,
905 2983 958 3022 ad
987 2982 1089 3022 nihi·

175 3037 261 3078 lum
280 3039 364 3079 sine
380 3039 503 3079 dubio
534 3038 809 3092 pervenirent:
840 3037 908 3078 sed
926 3043 1082 3077 tantum

178 3095 413 3141 moriuntur,
434 3100 629 3146 quantum
644 3092 775 3133 minus
796 3091 974 3133 essentiae
992 3105 1082 3146 par-

180 3146 364 3202 ticipant.
402 3147 512 3201 Aug.
532 3147 582 3188 de
601 3161 693 3188 vera
714 3147 811 3188 Rel.
825 3160 860 3187 c.
884 3149 947 3186 ll.

237 3207 259 3238 P
279 3203 334 3241 Et
350 3203 456 3255 quod
475 3202 532 3242 eis
558 3199 707 3242 dictum
726 3209 800 3250 est,
822 3201 979 3241 Habete
996 3207 1083 3254 pot-

1140 2607 1311 2655 pergunt
1337 2600 1380 2640 in
1410 2599 1647 2640 foedissimas
1667 2598 1986 2646 consuetudines,
2006 2606 2046 2639 et

1139 2668 1211 2710 per
1230 2655 1403 2696 diversas
1419 2654 1736 2709 perniciosasque
1761 2653 2047 2693 delectationes

1140 2723 1212 2750 nos
1250 2709 1424 2765 rapiunt,
1467 2716 1506 2750 et
1552 2709 1704 2750 faciunt
1748 2708 1894 2749 similes
1941 2709 2048 2746 omni

1139 2764 1274 2818 generi
1305 2764 1538 2804 bestiarum.
1596 2764 1701 2804 Cum
1740 2769 1875 2803 autem
1907 2775 2049 2815 regun-

1142 2827 1205 2859 tur
1244 2828 1285 2859 et
1335 2818 1615 2872 subjiciuntur,
1651 2817 1810 2858 omnino
1846 2829 2049 2858 mansues·

1142 2882 1252 2922 cunt,
1291 2881 1331 2913 et
1369 2873 1577 2914 nobiscum
1616 2871 1861 2913 concorditer
1898 2872 2051 2912 vivunt.

1145 2929 1238 2968 Non
1253 2929 1359 2968 enim
1375 2941 1398 2967 a
1412 2927 1526 2968 nobis
1539 2927 1660 2968 alieni
1676 2934 1768 2968 sunt
1781 2934 1911 2967 motus
1929 2927 2051 2966 animi

1143 2983 1281 3023 nostri.
1338 2983 1566 3024 Pascuntur
1584 2982 1705 3024 etiam
1733 2982 1936 3022 nobiscum
1958 2995 2050 3035 cog·

1141 3037 1290 3078 nitione
1316 3038 1511 3078 rationum
1543 3044 1582 3078 et
1612 3050 1764 3077 morum
1798 3037 2049 3090 optimorum,

1139 3099 1180 3133 et
1196 3092 1287 3133 vitae
1308 3099 1483 3139 aeternae,
1506 3099 1710 3145 tamquam
1727 3092 1858 3131 herbis
1878 3091 2048 3130 semina-

1139 3147 1244 3188 libus
1262 3154 1303 3187 et
1322 3146 1438 3200 lignis
1462 3146 1669 3186 fructiferis
1689 3153 1729 3186 et
1759 3145 1889 3184 herbis
1918 3145 2050 3183 viridi·

1139 3203 1227 3241 bus.
1263 3202 1316 3240 Et
1337 3201 1425 3241 haec
1445 3208 1506 3241 est
1522 3200 1691 3241 hominis
1708 3201 1784 3239 vita
1796 3200 1914 3240 beata
1933 3207 2052 3251 atque

179 3262 363 3302 estatem,
397 3258 493 3298 &c.:
540 3258 650 3297 salvo
676 3256 835 3310 quidem
869 3255 1090 3303 intellectu,

186 3323 266 3363 quo
283 3309 539 3351 manifestum
559 3317 619 3352 est
637 3311 819 3351 omnibus
833 3309 894 3349 his
913 3309 1092 3349 animali-

186 3364 261 3406 bus
296 3365 498 3406 hominem
532 3366 684 3406 ratione
721 3363 946 3414 dominari;
990 3369 1094 3404 reete

185 3424 324 3460 ›tamen
354 3420 583 3472 intelligitur
620 3420 740 3461 etiam
766 3418 1023 3474 spiritaliter3
1052 3425 1096 3458 ut

187 3485 328 3515 omnes
358 3473 585 3515 affectiones
610 3481 652 3516 et
675 3480 807 3514 motus
836 3472 975 3520 animi,
995 3484 1094 3526 quos

189 3526 386 3569 habemus
398 3528 482 3568 istis
493 3528 733 3569 animalibus
746 3527 892 3569 similes
896 3526 1094 3578 ,subditos

187 3581 440 3628 haberemus,
469 3588 510 3622 et
535 3595 670 3623 eorum
706 3583 997 3623 dominaremur
1024 3594 1095 3635 per

188 3637 492 3690 temperantiam
508 3643 549 3677 et
569 3637 813 3678 modestiam.
868 3637 973 3677 Cum
991 3636 1096 3676 enim

194 3702 278 3731 non
314 3698 500 3743 reguntur
534 3691 596 3731 isti
635 3699 777 3738 motus,
814 3698 1026 3745 erumpunt
1058 3697 1098 3731 et

1146 3255 1379 3309 tranquilla,
1399 3268 1490 3295 cum
1509 3268 1643 3294 omnes
1662 3262 1792 3293 motus
1811 3254 1895 3306 ejus
1913 3254 2051 3292 rationi

1146 3310 1378 3364 veritatique
1393 3309 1644 3350 consentiunt
1657 3324 1667 3356 ς
1699 3317 1739 3348 et
1750 3315 1941 3348 vocantur
1953 3321 2051 3360 gau-

1148 3363 1230 3412 dia,
1260 3371 1300 3404 et
1326 3377 1479 3404 amores
1507 3363 1652 3413 sancti,
1680 3370 1720 3403 et
1746 3362 1858 3409 casti,
1882 3371 1920 3402 et
1945 3362 2052 3402 boni.

1151 3419 1192 3459 Si
1224 3425 1357 3459 autem
1383 3431 1463 3459 non
1495 3418 1758 3462 consentiunt,
1780 3417 1903 3456 nihilo
1922 3417 2054 3457 minus

1147 3473 1243 3514 dum
1273 3473 1516 3526 negligenter
1549 3479 1753 3526 geruntur,
1787 3472 2048 3512 conscindunt

1150 3533 1191 3568 et
1221 3526 1414 3581 dissipant
1450 3527 1643 3574 animum,
1674 3535 1713 3566 et
1747 3526 1897 3566 faciunt
1930 3526 2052 3566 vitam

1149 3581 1407 3622 miserrimam
1423 3597 1433 3632 ;
1465 3590 1505 3622 et
1520 3590 1710 3622 vocantur
1723 3581 2052 3635 perturbationes,

1152 3643 1192 3676 et
1209 3635 1412 3686 libidines,
1426 3643 1467 3677 et
1482 3636 1813 3691 concupiscentiae
1827 3637 1960 3678 malae.
1988 3637 2054 3676 De

1154 3691 1298 3743 quibus
1320 3690 1404 3743 jam
1431 3691 1543 3731 nobis
1564 3691 1800 3744 praecipitur,
1821 3699 1864 3731 ut
1880 3704 1947 3732 eus
1962 3704 2053 3731 cum
