2378 4134
330 218 401 266 40
804 214 860 268 S.

330 347 448 420 ejus
485 347 731 401 arborem
765 347 1023 418 lacrymis
1056 346 1282 401 lacteis?

331 434 504 487 disset
553 434 755 506 aliquis
808 441 1046 500 sanctuS‚
1098 435 1307 487 alieno⁰

901 210 1253 268 AUGUSTI
1261 210 1347 267 NI
1387 212 1746 267 EPISCOPI

1362 347 1543 408 Quam
1567 354 1751 400 tamen
1777 347 1945 401 ficum
1972 347 2019 399 si
2046 365 2227 400 come-

1352 451 1501 498 sane,
1552 452 1666 486 non
1724 453 1823 488 suo
1876 435 2078 488 scelere
2134 432 2229 486 de-

332 531 592 594 cerptam,
635 524 890 578 misceret
939 523 1259 587 visceribuS,
1302 530 1356 575 et
1405 523 1685 578 anhelaret
1728 523 1796 577 de
1847 524 1943 577 illa
1988 524 2232 592 ange108‚

331 611 444 664 imo
489 630 616 664 vero
668 611 1001 682 particulas⁹
1039 610 1168 675 Dei,
1217 609 1484 679 gemendo
1529 611 1587 663 in
1632 611 1876 665 oratione
1911 618 2074 682 atque
2111 630 2231 665 ruc-

335 780 534 836 dudem-015
567 781 634 820 και
664 781 697 820 ἓν
727 780 846 820 παντὶ
865 778 948 832 ζῶῳ
984 779 1051 818 xa>
1083 781 1250 831 πετεινῷ,

336 839 403 877 καὶ
421 839 579 892 ἑρπετῷ,
595 834 852 888 καικνωδαλῷ
886 836 925 875 οὒ
940 835 1044 885 μὸνον
1057 835 1171 874 ἄλλοι
1183 834 1255 873 καὶ

336 895 370 933 ἔν
391 897 466 936 *τοῖς
488 896 602 944 φυτοῖ
599 911 614 936 ς
638 893 704 935 σὺν
732 909 797 936 τῆς
816 893 909 943 ζωῆς
931 888 1093 942 ἰκμάδα,
1116 889 1255 934 κίνησιν

338 948 425 988 nvom
439 950 578 1000 *ψυχῆς
594 949 760 999 φάσκων,
775 964 894 991 nunus
914 948 946 986 ἒν
965 949 1039 990 τοῖς
1057 946 1253 1001 dragma-015

340 1005 592 1059 ὑπάρχουσαν
607 1003 728 1055 Myse.
766 1005 903 1056 'lyrbo
923 1005 973 1042 de
995 1005 1163 1042 Manere
1185 1016 1252 1055 ap.

339 1062 487 1115 Epiph.
525 1061 635 1100 Haer.
672 1060 739 1099 66.
775 1060 812 1110 §.
851 1060 891 1097 8.
951 1058 1110 1097 Herbas
1147 1057 1252 1096 enim

340 1123 461 1169 atque
483 1116 643 1155 arbores
662 1115 720 1154 sic
741 1121 884 1169 putant
903 1114 1048 1159 vivere,
1067 1120 1111 1152 ut
1132 1113 1255 1152 vitam

340 1185 429 1224 quae
467 1170 549 1209 illis
586 1170 704 1215 inest.
740 1177 781 1210 et
816 1169 962 1209 sentire
999 1168 1180 1215 credant,
1217 1175 1257 1208 et

340 1227 476 1266 dolere
507 1239 597 1266 cum
620 1225 850 1265 laeduntur·
885 1237 958 1263 nec
981 1223 1134 1278 aliquid
1166 1199 1260 1264 inde

341 1283 427 1322 sine
465 1284 645 1321 cruciatu
682 1294 821 1321 earum
859 1293 1102 1334 quemquam
1143 1293 1260 1334 posse

342 1338 491 1377 vellere
538 1346 608 1376 aut
660 1349 838 1399 carpere.
922 1335 1089 1390 Propter
1135 1336 1259 1388 quod,

343 1406 484 1447 agrum
514 1394 635 1432 etiam
667 1393 792 1447 spinis
823 1404 1009 1445 purgare,
1043 1391 1156 1431 nefas
1186 1391 1259 1431 ha-

342 1450 456 1489 bent.
487 1448 619 1501 (Aug.
641 1448 691 1488 de
714 1448 847 1500 Haer.)
912 1446 1059 1487 Dicitis
1084 1447 1261 1487 dolorem

343 1505 491 1544 sentire
512 1503 699 1550 fructum,
721 1516 812 1544 cum
843 1503 892 1542 de
912 1503 1050 1543 arbore
1071 1502 1262 1557 carpitur,

345 1560 489 1600 sentire
509 1573 599 1600 cum
617 1560 852 1603 conciditur.
874 1572 964 1598 cum
997 1559 1148 1604 teritur,
1170 1572 1262 1598 cum

346 1616 544 1670 coquitur,
566 1629 658 1655 cum
679 1614 897 1655 manditur.
935 1628 973 1654 c.
992 1615 1131 1654 Faust.
1151 1613 1207 1655 vi.
1223 1616 1262 1655 4.

346 1670 550 1726 Expedite
594 1672 733 1711 dicunt
780 1669 930 1710 homini
979 1670 1260 1710 foeneratorem

346 1740 433 1767 esse
454 1740 574 1780 quam
597 1727 827 1778 agricolam.
888 1725 970 1773 Qui
987 1725 1148 1765 enimin
1167 1740 1261 1766 656-

350 1797 450 1829 ram,
471 1782 675 1836 inquiunt,
701 1782 772 1822 dat
793 1783 1021 1836 pecuniam,
1045 1795 1123 1821 non
1151 1781 1263 1821 laedxt

346 1851 504 1878 crucem
528 1838 715 1878 luminis:
747 1837 816 1891 qui
837 1845 970 1878 autem
987 1837 1163 1889 agricola
1188 1845 1263 1883 est,

348 1895 518 1934 multum
551 1894 661 1934 laedit
686 1907 843 1933 crucem
875 1893 1049 1933 luminis.
1108 1893 1269 1941 Quaeris

349 1963 470 2003 quam
508 1963 666 1990 crucem
708 1949 903 1989 luminis?
962 1949 1164 1995 Membra,
1207 1948 1271 1987 in-

348 2006 507 2059 quiunt,
532 2005 606 2048 illa
635 2005 732 2052 Dei,
750 2019 841 2058 quae
862 2013 983 2058 capta
1012 2012 1103 2044 sunt
1134 2005 1172 2042 in
1200 2005 1269 2044 illo

348 2060 502 2115 praelio,
534 2062 660 2101 mixta
689 2069 782 2100 sunt
819 2060 999 2100 universo
1030 2059 1197 2108 mundo,
1231 2068 1271 2100 et

352 2125 443 2156 sunt
474 2117 516 2156 in
548 2117 769 2164 arboribus,
800 2117 840 2156 in
873 2116 1019 2161 herbis,
1051 2116 1090 2155 in
1124 2115 1268 2170 pomis,

350 2172 393 2211 in
430 2173 641 2212 fructibus.
701 2172 781 2212 Dei
820 2172 1000 2211 membra
1036 2179 1170 2216 vexat,
1202 2172 1270 2224 qui

351 2235 495 2268 terram
548 2228 660 2268 sulco
696 2227 911 2268 discindit:
963 2226 1042 2267 Dei
1092 2227 1272 2267 membra

352 2293 487 2332 vexat,
509 2283 577 2337 qui
599 2283 765 2323 herbam
796 2284 845 2323 de
876 2292 980 2323 terra
1001 2281 1142 2323 vellit.
1190 2283 1271 2322 Dei

352 2341 534 2380 membra
555 2347 674 2379 vexat
692 2339 761 2392 qui
788 2352 950 2394 pomum
970 2338 1098 2392 carpit
1127 2339 1177 2378 de
1208 2351 1271 2378 ar·

351 2396 462 2436 bore.
507 2394 617 2448 Aug.
650 2395 689 2434 in
721 2395 792 2434 Ps.
832 2396 922 2435 140.
962 2395 997 2446 ς.
1037 2395 1100 2434 12.
1160 2393 1270 2442 Quid

353 2451 459 2491 obsit
493 2451 638 2500 arbori,
676 2464 755 2491 non
786 2449 877 2491 dico
909 2450 940 2490 si
977 2463 1140 2504 pomum
1178 2450 1272 2490 inde

353 2506 542 2547 foliumve
571 2508 779 2561 decerpaS‚
812 2506 943 2559 (quod
969 2505 1131 2559 quidem
1164 2505 1272 2560 apud

355 2577 439 2608 vos,
461 2562 492 2601 si
514 2562 602 2615 quis
620 2576 699 2601 non
731 2562 1018 2615 imprudentia.
1041 2560 1112 2601 sed
1144 2574 1273 2600 sciens

354 2618 505 2664 fecerit,
527 2617 723 2671 signaculi
744 2626 948 2671 corruptor
978 2617 1063 2656 sine
1091 2616 1175 2656 ulla
1199 2616 1273 2657 du·

354 2674 549 2714 bitatione
589 2673 888 2725 damnabitur,)
930 2673 999 2713 sed
1038 2673 1200 2712 omnino
1241 2672 1272 2711 si

354 2742 443 2770 eam
479 2729 670 2769 radicitus
701 2732 849 2769 eruas'l
909 2729 1060 2768 Anima
1098 2741 1274 2781 namque

355 2785 428 2823 illa
464 2798 584 2838 quam
623 2785 859 2824 rationalem
897 2786 1028 2823 inesse
1068 2784 1275 2823 arboribus

358 2839 622 2884 arbitramini.
645 2840 783 2880 arbore
811 2840 944 2880 excisa
968 2839 1127 2879 vinculo
1156 2838 1276 2878 solvi-

357 2902 448 2943 tur;
472 2909 540 2935 vos
558 2895 663 2934 enim
686 2895 762 2934 hoc
783 2894 928 2935 dicitis.
963 2893 1273 2934 Revolutionem

357 2950 529 2990 hominis
559 2950 601 2989 in
635 2951 833 2997 arborem,
867 2958 1003 2990 notum
1037 2957 1096 2989 est
1127 2962 1210 2993 VOS,
1233 2950 1273 2987 id

358 3013 433 3051 est,
453 3013 653 3046 auctorem
678 3006 807 3059 ipsum
830 3013 1000 3045 vestrum
1032 3019 1101 3059 pro
1124 3004 1275 3055 ingenti

358 3074 499 3116 poena,
540 3074 619 3100 non
661 3069 798 3101 tamen
835 3075 906 3114 pro
941 3073 1112 3106 summa,
1150 3060 1277 3100 solere

360 3116 711 3156 minitariffi—lllas
726 3115 946 3170 perhibetis
958 3123 997 3155 et
1014 3116 1151 3155 audire
1164 3128 1279 3154 voces

361 3181 533 3218 nostras,
553 3173 673 3212 verba
695 3172 936 3224 intelligere,
949 3179 989 3211 et
1005 3184 1176 3233 corpora
1193 3183 1277 3210 mo-

360 3236 424 3268 tus
409 3242 506 3282 que
555 3240 763 3282 corporum
813 3227 974 3274 intueri,
1014 3225 1279 3278 cogitationes

360 3283 565 3347 denique
555 3297 664 3336 ipsas
678 3283 916 3338 perspicere.
949 3284 1015 3323 Dc
1029 3261 1134 3322 Meor.
1157 3283 1273 3323 Man.

360 3339 459 3380 l.1i.
491 3341 524 3392 ξ.
556 3341 622 3379 55.
683 3339 880 3394 Impietas
910 3338 1113 3379 rusticana
1144 3336 1278 3391 plane,

361 3395 570 3448 magisque
591 3394 727 3448 lignea
748 3408 869 3449 quam
891 3401 985 3434 sunt
1005 3394 1100 3449 ipsae
1121 3393 1283 3433 arbores

362 3451 509 3504 quibus
530 3451 795 3505 patrocinium
826 3450 993 3506 praebet,
1023 3463 1112 3503 quae
1145 3447 1280 3488 dolere

363 3507 482 3545 vitem
523 3506 687 3559 quando
726 3519 805 3546 uva
843 3505 1082 3560 decerpitur,
1122 3510 1162 3544 et
1203 3517 1282 3544 non

365 3562 491 3600 solum
531 3562 675 3602 sentire
710 3560 787 3602 ista
821 3574 912 3602 cum
947 3560 1175 3608 caeduntur,
1211 3559 1282 3600 sed

366 3617 487 3656 etiam
510 3617 643 3657 videre
674 3624 795 3670 atque
826 3617 965 3657 audire
990 3616 1131 3657 credit.
1172 3616 1283 3668 Aug.

368 3671 418 3712 de
435 3674 587 3718 Quam.
610 3672 786 3717 Anime,
807 3674 843 3724 §.
864 3673 932 3712 71.

424 3732 444 3755 0
465 3727 589 3766 ‘'Oe-m
612 3727 805 3778 μέλλωσιν
835 3727 996 3769 ieea'uv'
978 3728 1105 3784 ἄρτον,
1131 3727 1280 3782 προσιό-

364 3798 506 3834 κοῒ-781
542 3797 691 3837 few-TO,
729 3801 828 3825 ΟΠΤΝ
865 3784 1042 3836 λίγθῖῗίς
1092 3799 1180 3839 τεῆς
1221 3799 1284 3824 ΥΟ,

1308 779 1432 834 αξῗοΐ
1457 779 1540 820 Ουτῧ
1561 780 1600 821 αὶ
1616 779 1693 833 ἒγῶ
1711 779 1861 850 nielfa,
1884 779 1968 820 Buff!
1987 779 2121 826 ἦλίθῶ,
2143 782 2232 820 ovffl

1307 835 1458 885 έθλιψῶ
1479 852 1532 877 σε.
1556 836 1641 877 ou‘rt
1663 837 1711 880 εἷς
1733 835 1912 884 κλίβανον
1939 836 2094 884 ἐ’βαλον,
2118 837 2234 876 ἀλλὰ

1310 892 1434 936 ἄλλος
1456 891 1603 936 ἐποίησε
1634 893 1780 935 ταῦτα,
1802 893 1870 931 καὶ
1898 891 2033 943 η’ννγκί
2050 908 2128 942 μοι,
2154 891 2235 943 ἔγω

1311 947 1485 992 ἀναιτίως
1506 948 1661 1001 ἔφαγον.
1699 965 1764 988 και
1784 966 1875 988 οταν
1895 948 2006 987 ’‘aa'‘
1997 964 2125 987 sauros
2147 948 2234 1019 εἴπῃ

1311 1020 1455 1051 ταυτα,
1469 1004 1575 1056 λίγα
1587 1007 1641 1058 τῷ
1652 1003 1932 1056 κατηχουμένῳ
1961 1004 2155 1054 ηὗξαίμηι’
2138 1019 2192 1043 υτ
2199 1004 2234 1059 ἐς

1312 1075 1377 1100 σου
1424 1077 1489 1100 και
1519 1077 1636 1105 ουτως
1667 1059 1883 1111 ἀφίσταται
1914 1061 2042 1104 ἰκεῖνο,
2099 1061 2235 1112 lyrbo

1312 1128 1382 1170 a.p
1398 1116 1548 1170 Epiph.
1563 1117 1672 1156 Haer.
1687 1118 1753 1156 66.
1776 1117 1812 1168 ξ.
1824 1118 1894 1156 28.
1907 1117 2011 1155 Acta
2026 1114 2238 1155 Archelai.

1317 1171 1350 1223 ς.
1377 1173 1418 1211 9.
1468 1171 1590 1212 Unde
1613 1171 1913 1223 agriculturam,
1934 1185 2026 1224 quae
2056 1170 2233 1210 omnium

1317 1227 1460 1267 artium
1484 1235 1544 1268 est
1563 1227 1909 1275 innocentissima,
1923 1235 2130 1280 tamquam
2146 1227 2237 1280 plu-

1318 1282 1418 1321 rium
1442 1282 1746 1324 homicidiorum
1769 1296 1875 1322 ream
1895 1282 2100 1322 dementer
2116 1295 2234 1323 accu-

1317 1346 1436 1378 sant:
1487 1338 1624 1393 itaque
1654 1338 1729 1393 ipsi
1761 1337 1906 1386 Electi,
1929 1337 2029 1377 nihil
2061 1338 2101 1377 in
2132 1338 2238 1390 agris

1317 1402 1547 1448 operantes,
1567 1408 1640 1434 uec
1662 1407 1782 1448 poma
1812 1400 2034 1448 carpenteS.
2056 1406 2128 1434 nec
2156 1394 2240 1434 sal-

1318 1457 1399 1489 tem
1422 1450 1516 1490 folia
1547 1451 1633 1490 ulla
1654 1450 1862 1496 vellentes,
1885 1456 2122 1503 exspectant
2149 1449 2235 1489 haec

1319 1504 1450 1545 afferri
1480 1506 1619 1546 usibus
1649 1506 1730 1545 suis
1764 1506 1815 1544 ab
1848 1504 2111 1544 Auditoribus
2139 1506 2239 1556 suis,

1319 1562 1498 1602 viventes
1518 1561 1568 1602 de
1590 1568 1648 1601 tot
1671 1575 1718 1601 ac
1739 1561 1861 1601 tantis
1881 1560 2100 1600 secundum
2123 1574 2237 1601 suam

1320 1617 1539 1658 vanitatem
1560 1617 1785 1657 homicidiis
1815 1616 1972 1656 alienis.
2005 1616 2078 1667 (de
2102 1616 2238 1669 Haer.)

1319 1674 1405 1713 Vos
1421 1680 1624 1713 cessantes
1643 1672 1865 1726 expectatis
1886 1673 1976 1724 quis
1997 1671 2238 1712 Auditorum

1318 1735 1537 1769 vestrorum
1559 1735 1718 1783 propter
1737 1741 1805 1767 vos
1831 1729 2056 1782 pascendos
2075 1728 2241 1768 cultello

1321 1784 1382 1824 vel
1405 1784 1592 1824 falcicula
1612 1791 1788 1823 armatus
1807 1783 1848 1823 in
1870 1783 2025 1823 hortum
2046 1783 2242 1839 prosiliat,

1326 1839 1529 1880 homicida
1572 1839 1884 1886 cucurbitarum,
1922 1852 2088 1892 quarum
2127 1839 2242 1879 vobis

1327 1895 1482 1943 offerat,
1517 1895 1661 1935 mirum
1694 1894 1820 1941 dictu,
1849 1895 1941 1934 viva
1970 1895 2244 1935 cadavera.—

1329 1953 1411 1991 Eas
1440 1965 1533 1992 cum
1569 1950 1769 2005 decerpsit
1792 1960 1919 1990 vester
1947 1950 2133 1998 Auditor,
2153 1964 2243 1991 reus

1328 2007 1457 2047 factus
1477 2013 1552 2053 est,
1573 2014 1706 2047 vestra
1725 2005 1979 2059 indulgentia
1998 2006 2242 2047 liberandus.

1327 2076 1363 2103 c.
1387 2063 1521 2102 Faust.
1543 2062 1592 2103 vi.
1621 2065 1660 2102 4.

1384 2123 1405 2156 P
1438 2119 1575 2174 Ipsam
1605 2124 1765 2181 partem
1795 2124 1949 2158 naturae
1984 2117 2064 2157 Dei
2105 2117 2245 2157 dicunt

1327 2174 1477 2226 ubique
1498 2175 1735 2228 permixtam
1757 2173 1798 2212 in
1818 2173 1945 2217 caelis,
1968 2173 2007 2212 in
2026 2174 2155 2218 terris,
2167 2173 2243 2213 sub

1329 2230 1455 2277 terris,
1486 2230 1527 2269 in
1559 2229 1746 2270 omnibus
1784 2229 2031 2283 corporibuS,
2061 2229 2179 2269 siccis
2204 2236 2245 2268 et

1328 2284 1520 2332 humidis,
1553 2285 1596 2325 in
1627 2285 1813 2325 omnibus
1846 2285 2051 2334 carnibus,
2086 2285 2126 2324 in
2159 2298 2243 2324 om-

1329 2341 1448 2381 nibus
1496 2341 1716 2381 seminibus
1764 2341 1964 2386 arborum,
2015 2340 2244 2386 herbarum,

1327 2396 1550 2444 hominum,
1581 2395 1839 2436 animalium:
1870 2409 1950 2436 non
1967 2396 2167 2459 'potentia
2184 2396 2244 2436 di-

1327 2452 1505 2493 vinitatis
1551 2452 1638 2493 sine
1685 2452 1770 2492 ullo
1815 2465 1922 2492 nexu
1965 2451 2244 2505 incornquina-

1330 2507 1477 2555 biliter,
1535 2507 1837 2553 inviolabiliter.
1890 2507 2246 2561 incorruptibiliter

1329 2565 1515 2604 omuibus
1563 2564 1680 2604 rebus
1728 2562 2056 2603 administrandis
2103 2576 2246 2615 regen-

1330 2619 1472 2674 disque
1511 2626 1769 2673 praesentem,
1809 2618 1915 2672 quod
1955 2632 2027 2659 nos
2062 2618 2112 2659 de
2154 2619 2247 2659 Deo

1331 2675 1526 2724 dicimus3
1570 2676 1640 2717 sed
1669 2674 1856 2727 ligatam,
1882 2687 2022 2737 oppres
2026 2688 2128 2721 sam,
2161 2675 2245 2728 pol-

1330 2731 1474 2775 lutam,
1510 2743 1631 2784 quam
1676 2730 1793 2775 solvi,
1837 2729 2013 2775 liberari,
2066 2729 2248 2783 purgari-

1331 2800 1409 2839 que
1448 2786 1601 2832 dicunt,
1634 2799 1712 2825 non
1753 2787 1881 2826 solum
1922 2799 1992 2839 per
2022 2785 2244 2825 discursum

1332 2842 1427 2882 solis
1459 2850 1499 2882 et
1527 2842 1651 2887 lunae,
1685 2847 1726 2880 et
1759 2842 1923 2881 virtutes
1957 2841 2071 2887 lucis,
2109 2854 2245 2881 verum

1332 2899 1453 2937 etiam
1489 2910 1560 2949 per
1593 2896 1756 2937 Electos
1788 2910 1894 2936 suos.
1968 2896 2048 2935 Per
2086 2895 2248 2937 Electos

1334 2959 1468 2992 autem
1498 2965 1591 2992 suos
1612 2951 1774 3004 purgari
1802 2951 1942 2991 dicunt
1969 2951 2152 2991 eamdem
2185 2952 2246 3007 ip-

1333 3021 1419 3046 sam
1471 3006 1730 3047 commixtam
1778 3015 1932 3062 partem
1974 3019 2022 3046 ac
2063 3015 2245 3047 naturam

1335 3063 1430 3108 Dei,
1463 3063 1747 3102 manducando
1780 3062 1933 3102 scilicet
1969 3069 2011 3101 et
2046 3062 2245 3103 bibendo:

1335 3119 1430 3171 quia
1468 3131 1557 3158 eam
1588 3117 1630 3157 in
1661 3118 1863 3158 alimentis
1890 3117 2077 3158 omnibus
2106 3117 2250 3159 dicunt

1334 3174 1502 3226 ligatam
1540 3173 1689 3224 teneri3
1739 3187 1829 3227 quae
1868 3187 1961 3213 cum
1994 3173 2044 3212 ab
2077 3173 2248 3222 Electis,

1335 3229 1445 3269 velut
1492 3230 1655 3276 sanctis,
1696 3228 1738 3268 in
1777 3229 2034 3269 refectionem
2074 3231 2249 3283 corporis

1334 3284 1620 3324 manducando
1665 3291 1706 3325 et
1751 3283 1928 3324 bibendo
1975 3292 2248 3332 assumuntur,

1336 3353 1406 3393 per
1433 3353 1567 3380 eorum
1598 3339 1851 3380 sanctitatem
1883 3339 1997 3385 solvi,
2029 3339 2179 3392 signari
2209 3349 2249 3380 et

1338 3395 1514 3436 liberari.
1580 3395 1690 3448 Aug.
1722 3394 1773 3435 de
1807 3395 1908 3435 Nat.
1937 3395 2030 3435 boni
2060 3409 2098 3436 c.
2130 3396 2247 3437 Man.

1337 3465 1373 3491 c.
1407 3452 1476 3491 44.
1547 3450 1687 3506 Ipsam
1719 3450 1811 3491 vero
1841 3451 1933 3491 boni
1965 3466 1989 3490 a
2016 3451 2125 3491 malo
2154 3463 2247 3517 pur-

1338 3505 1542 3560 gationem
1579 3519 1626 3547 ac
1665 3506 1960 3553 liberationem,
2000 3520 2080 3546 non
2118 3505 2248 3546 solum

1338 3575 1408 3616 per
1439 3568 1566 3602 totum
1599 3561 1795 3602 mundum
1814 3570 1850 3602 et
1873 3561 1922 3601 de
1949 3561 2136 3601 omnibus
2163 3562 2249 3615 ejue

1339 3616 1553 3658 elementis
1590 3617 1758 3657 virtutes
1798 3618 1878 3657 Dei
1917 3617 2048 3658 faeere
2093 3615 2248 3664 dicunt,

1340 3686 1475 3713 verum
1494 3671 1616 3712 etiam
1649 3673 1812 3713 Electus
1840 3686 1931 3713 suos
1958 3685 2029 3727 per
2060 3649 2250 3711 alimenta²

1338 3742 1429 3782 quae
1455 3735 1634 3769 sumunt.
1692 3730 1746 3768 Et
1772 3730 1831 3769 eis
1857 3727 2004 3783 quippe
2033 3727 2248 3774 alimentis,

1340 3784 1442 3826 sicut
1470 3783 1653 3825 universo
1673 3785 1839 3832 mundo,
1873 3784 1954 3824 Dei
1984 3757 2248 3823 substantiani
