2378 4134
287 201 390 245 320

1108 193 1196 244 IN
1211 195 1386 247 DEX.

345 332 575 378 scendatur,
600 329 655 371 ib.
699 331 914 371 Peccatum
947 329 1124 371 daemoni
1151 339 1212 372 est
1270 334 1530 386 Praesidatus,
1549 339 1579 380 i.
1595 352 1633 380 e.
1655 339 1851 380 Praesidis
1870 354 2031 392 munus,
2051 343 2120 384 98.

345 386 603 433 sacrificium,
629 388 692 426 15.

294 442 456 483 Peccati
481 454 634 496 poenae:
669 440 930 491 obcaecatio,
945 440 1003 481 ib.
1045 441 1210 496 Inquie-

344 497 443 538 tudo
463 496 603 544 animi,
625 498 694 538 63.
730 495 860 536 Poena
875 509 947 536 sua
958 496 1034 536 sibi
1053 504 1112 537 est
1126 511 1212 537 om-

346 553 408 593 nis
450 552 697 594 inordinatus
734 552 906 600 animus,
945 553 1011 601 11,
1043 553 1141 602 241,
1169 566 1213 593 n.

1270 389 1560 434 Proetorianum
1580 395 1767 448 pretium,
1787 397 1857 442 96,
1876 402 1918 437 et
1935 410 1974 437 n.

1270 450 1297 468 ‘⁸
1326 444 1473 487 Preces
1509 463 1581 505 pro
1621 451 1818 491 mortuis”
1853 451 2030 506 dogmati
2068 454 2188 496 Eccl.

1326 500 1447 543 Rom.
1467 503 1518 545 de
1540 504 1773 559 Purgatorio
1801 505 2001 549 adversari
2018 508 2184 563 quinam

1324 559 1583 610 ostenderint,
1606 562 1700 611 165,
1719 575 1758 602 n.

351 609 542 650 Peccator
556 609 690 648 Deum
703 607 838 659 fugere
856 621 943 670 non.
954 615 1109 662 potest:
1141 611 1212 649 sed
1271 612 1534 668 Principium.
1569 617 1784 666 Quomodo
1812 617 2059 672 intelligatur
2086 618 2187 659 illud

345 665 497 705 invenit
518 664 666 718 ubique
688 662 769 704 Dei
789 663 918 717 legem
936 677 975 703 tn
990 676 1114 719 poena
1124 677 1210 711 sua,

398 774 562 815 Animae
582 773 829 829 peccatrices
858 772 940 814 Dei
968 773 1123 828 imperii
1148 788 1211 815 or·

344 829 478 870 dinem
510 844 590 870 non
621 831 869 884 perturbant,
902 831 994 877 118,
1017 831 1088 875 63,
1110 836 1150 870 et
1170 844 1211 870 n.

345 887 568 927 Peccatum
603 887 694 925 Deo
724 899 803 924 non
837 893 969 932 nocet,
1004 886 1103 932 230,
1139 887 1205 927 63.

343 955 418 982 nec
439 955 582 981 nocere
601 946 745 995 potest,
768 942 836 985 63,
858 941 926 980 38.

289 999 552 1038 Peccatorum
574 996 683 1050 apud
706 997 842 1037 Deum
870 995 1079 1044 confessio,
1099 1011 1208 1052 spem

343 1053 508 1099 excitat,
534 1053 624 1092 171.
1043 1050 1049 1055 ’

288 1108 455 1149 Peccati
487 1110 553 1148 lex
585 1114 645 1148 est
675 1106 863 1147 violentia
894 1107 1210 1157 consuetudinis,

348 1165 441 1204 133.

288 1219 551 1260 Peccatorum
568 1219 661 1258 duae
682 1218 868 1271 origineS,
889 1220 930 1265 3,
955 1232 996 1260 n.

292 1275 463 1316 Peccata
486 1275 566 1315 alia
585 1282 724 1313 contra
745 1282 944 1322 naturam,
968 1275 1049 1315 alia
1067 1282 1206 1316 contra

341 1345 483 1378 mores,
505 1331 586 1370 alia
612 1342 751 1370 contra
775 1340 993 1384 praecepta,
1015 1332 1083 1378 37,
1104 1339 1143 1371 et
1163 1345 1205 1372 n.

345 1387 519 1427 Peccata
541 1386 848 1439 proficientium,
871 1389 938 1427 38.

286 1443 466 1483 Pelliceoe
496 1444 639 1482 tunieae
661 1442 944 1482 mortalitatem
964 1442 1205 1497 significant,

346 1500 438 1547 120,
457 1506 496 1538 et
516 1511 554 1536 n.
576 1498 676 1537 259.

290 1554 474 1594 Penulati
498 1553 685 1606 magistri,
713 1553 776 1592 13.

289 1609 612 1650 perturbationes
632 1607 755 1647 animi
774 1616 946 1662 quatuor
967 1616 1074 1655 sunt,
1094 1609 1205 1662 cupi-

343 1666 459 1714 ditas,
480 1664 634 1710 laetitia,
656 1672 788 1704 metus
806 1673 846 1704 et
866 1665 1040 1710 tristitia,
1068 1666 1162 1706 178.

289 1720 475 1760 Petiliani
497 1719 650 1759 malitia
670 1719 711 1758 in
734 1719 1026 1773 Augustinum,
1050 1722 1117 1766 44,
1139 1736 1181 1761 n.

290 1777 594 1816 phantasmata.
637 1777 777 1814 Luctae
799 1776 945 1815 animae
965 1789 1055 1815 curn
1078 1776 1208 1829 phan-

341 1833 578 1872 tasmatibus
600 1831 796 1884 praeclara
818 1831 1048 1885 descriptio,
1071 1833 1139 1872 32.

284 1887 559 1942 Philosophiae
597 1887 687 1926 laus
734 1893 773 1926 et
810 1887 1000 1935 defensio,
1030 1887 1071 1926 in
1102 1889 1206 1927 Hor-

339 1943 465 1983 tensio
517 1942 739 1989 Ciceronis,
785 1943 853 1984 30.
908 1944 1120 1990 Quomodo
1157 1944 1207 1983 ad

341 1999 635 2052 philosophiam
685 2010 877 2038 accensus
922 1998 997 2037 fuit
1043 1998 1206 2052 Augus—

341 2055 465 2104 tinus,
488 2056 544 2094 ib.

286 2109 526 2165 Philosophi
546 2123 632 2164 prae
659 2109 848 2164 superbia
874 2109 1107 2149 Creatorem
1139 2123 1210 2164 per

342 2174 547 2206 creaturas
565 2179 644 2205 non
663 2165 921 2211 invenerunt,
938 2165 1007 2209 66,
1029 2165 1095 2204 65.

285 2219 498 2268 Photinus,
520 2221 607 2275 ejus
626 2221 794 2269 falsitas,
821 2222 915 2267 121,
936 2227 976 2261 et
996 2233 1035 2258 n.
1057 2221 1126 2267 72,
1147 2234 1188 2260 n,

285 2276 461 2316 Picturae
481 2277 656 2319 lascivae.
683 2277 748 2316 14.

284 2331 369 2371 Piis
404 2332 508 2372 idern
544 2333 749 2387 probatur,
782 2331 890 2384 quod
930 2330 1021 2371 Deo
1058 2331 1206 2385 placet,

283 2450 293 2466 ‘
321 2443 447 2482 Piscis
469 2443 518 2482 de
538 2441 736 2497 profundo
753 2439 924 2482 levatus’
942 2441 1208 2481 manducatur

339 2499 380 2537 in
402 2512 538 2538 mensa
558 2505 700 2553 parata
732 2498 774 2536 in
805 2503 1021 2551 conspectu
1041 2497 1205 2536 creden-

339 2554 454 2602 tium,
473 2556 625 2600 266,et
645 2567 686 2593 n.
706 2554 804 2592 269.
836 2552 947 2600 Quid
971 2566 1042 2605 per
1058 2559 1068 2575 ‘
1085 2552 1209 2606 pisces

339 2618 380 2649 et
400 2610 522 2649 cetos’
543 2608 808 2662 significatur,
826 2609 924 2657 274,
948 2609 1020 2656 65,
1038 2622 1077 2649 n.

289 2664 407 2704 Plani
431 2664 729 2710 Mathematici,
747 2663 909 2718 pietatis
929 2670 1125 2717 expertes,
1142 2664 1209 2704 47.

341 2727 380 2760 et
395 2720 583 2770 veritatis,
604 2722 675 2766 48,
701 2721 796 2759 108.
994 2724 998 2727 ’

287 2776 595 2816 Platonicorum
636 2776 677 2815 in
712 2775 827 2815 libris
865 2774 1056 2828 quaedam
1095 2774 1209 2827 Aug.

342 2832 437 2883 legit
458 2837 731 2872 consentanea
750 2829 943 2870 doctrinae
967 2830 1210 2870 Christianae

341 2887 391 2926 de
413 2885 620 2927 divinitate
638 2886 768 2928 Verbi
789 2885 944 2931 aeterni,
959 2885 1059 2925 nihil
1075 2892 1209 2925 tamen

339 2943 389 2982 de
411 2942 619 2982 Incarnati
636 2942 880 2990 humilitate,
902 2943 995 2986 112,
1022 2942 1115 2980 113.
1159 2942 1208 2979 In

340 2997 387 3037 iis
421 2998 544 3037 etiam
579 3011 660 3036 non
693 2996 844 3037 invenit
877 2997 985 3049 quod
1020 2995 1060 3034 in
1091 2996 1210 3035 sacris

340 3053 478 3093 litteris
508 3053 668 3106 reperit,
688 3065 832 3106 nempe
861 3051 967 3090 viam
999 3050 1149 3099 salutis,
1169 3058 1210 3090 et

340 3108 561 3148 doctrinam
585 3107 834 3151 humilitatis,
857 3105 911 3146 ib.

289 3164 458 3204 Poeseos
477 3163 674 3203 vanitates
694 3162 844 3208 noxiae,
868 3162 934 3207 13,
954 3162 1020 3200 14.

288 3219 540 3259 Pontitianus
589 3219 702 3263 Afer,
743 3218 786 3257 in
814 3217 966 3271 palatio
1019 3215 1208 3261 militans,

342 3275 598 3315 Christianus
618 3281 657 3314 et
675 3273 794 3315 valde
806 3273 910 3326 piu3,
927 3273 1022 3312 134.
1058 3272 1210 3311 Narrat

342 3331 474 3384 Augo.
507 3329 678 3370 Antonii
719 3327 915 3368 Monachi
947 3328 1082 3372 vitam,
1118 3329 1209 3372 135,

346 3387 437 3426 143.
478 3394 518 3425 et
553 3385 724 3426 duorum
761 3383 980 3436 Agentium
1016 3383 1057 3422 in
1092 3383 1211 3423 rebus

341 3441 655 3486 conversionem,
680 3441 775 3480 135.

289 3496 581 3537 Praedicatores
602 3493 816 3548 Evangelii
850 3494 975 3534 nubes
1005 3493 1210 3540 dicuntur,

342 3553 441 3591 260.
474 3551 579 3606 Ipsis
594 3553 789 3592 debentur
807 3549 1043 3595 necessaria,
1057 3555 1096 3588 et
1111 3562 1206 3602 quo·

343 3608 477 3653 modo,
512 3608 611 3647 272.
662 3606 876 3655 Quomodo
910 3611 1078 3659 possunt
1111 3617 1211 3656 gau·

343 3663 435 3701 dere
456 3663 505 3703 de
524 3663 627 3702 datis
646 3661 718 3703 sibi
738 3659 957 3702 beneficiis.
971 3660 1025 3699 ib.
1061 3660 1207 3699 Trans·

344 3723 443 3756 eunt
480 3731 530 3757 ex
572 3718 646 3757 hac
687 3718 768 3758 vita
805 3717 845 3755 in
902 3716 1021 3755 aliam
1072 3715 1208 3760 vitam,

346 3772 543 3827 scriptura
566 3786 657 3814 vero
678 3779 814 3814 sancta
838 3778 1057 3825 permanet,
1076 3771 1175 3811 260.

1326 668 1545 717 Geneseos,
1567 676 1594 695 ‘⁸
1617 674 1656 712 iu
1674 675 1867 727 principio
1892 675 2000 714 Deus
2022 677 2185 724 creavit,

1322 724 1420 770 &c.’'
1438 726 1521 765 210
1539 739 1629 781 sqq.

1269 778 1385 819 Prius
1404 780 1559 834 aliquid
1577 782 1720 823 dicitur
1738 785 1976 832 aeternitate,
1993 791 2185 839 tempore,

1323 835 1536 882 electione,
1553 837 1716 891 origiue,
1735 841 1834 880 246.

1273 889 1523 931 Psalmorum
1545 901 1689 934 cautus
1715 901 1798 935 toto
1830 894 2059 936 Christiano
2090 897 2186 936 orbe

1325 946 1507 994 celebris,
1541 949 1634 995 150,
1661 951 1752 990 156,
1793 951 1969 998 Quando
1997 951 2187 993 inductus

1326 1002 1570 1051 Mediolani,
1597 1005 1686 1045 155.
1728 1006 1956 1046 Cantantur
1976 1006 2126 1047 Psalmi
2143 1006 2184 1047 in

1324 1056 1463 1098 funere
1483 1059 1783 1106 defunctorum,
1807 1061 1899 1101 164.
1926 1061 1966 1101 in
1985 1063 2184 1111 Ecclesia,

1325 1114 1418 1152 192.
1452 1114 1516 1154 De
1536 1114 1659 1156 hocce
1676 1125 1798 1157 cantu
1816 1115 1913 1170 quid
1934 1117 2184 1160 Athanasius

1322 1170 1502 1217 senserit,
1539 1171 1631 1212 192.
1660 1171 1756 1224 quid
1791 1172 2053 1225 Augustinus»,
2087 1175 2183 1215 193.
2247 1212 2252 1216 t

1323 1223 1474 1264 Psalmi
1496 1225 1640 1266 litterae
1660 1228 1710 1267 de
1731 1227 1850 1268 melle
1879 1227 1975 1268 coeli
2006 1229 2182 1279 melleae,

1322 1281 1415 1320 153.
1455 1281 1683 1336 Explicatio
1718 1282 1870 1323 Psalmi
1895 1283 1936 1322 iv
1962 1288 1974 1305 ‘
1999 1284 2095 1324 Cum
2125 1287 2186 1324 iu-

1319 1338 1522 1386 vocarem,'
1550 1339 1780 1378 150—152.
1806 1338 2056 1379 Psalmorum
2071 1340 2127 1381 vis
2147 1347 2188 1381 et

1318 1391 1479 1439 utilitas,
1512 1395 1604 1439 155,
1635 1395 1726 1439 150,
1749 1394 1844 1441 164,
1864 1407 1904 1433 n.

1265 1445 1504 1488 psalterium
1525 1450 1664 1490 decern
1685 1449 1942 1496 chordarum,
1955 1450 2188 1504 decalogus,

1270 1556 1426 1599 Puellae
1448 1558 1707 1601 instituendae
1728 1561 1885 1605 modus,
1910 1562 1987 1601 157
2005 1575 2064 1615 sq.

1266 1613 1390 1653 Pueri
1411 1614 1450 1654 in
1469 1616 1586 1655 rebus
1602 1630 1681 1656 non
1701 1616 1814 1657 vanis
1833 1616 2080 1664 instituendi,
2106 1618 2170 1657 13.

1270 1669 1457 1710 Pueritiae
1497 1672 1595 1711 vitia
1636 1672 1686 1711 ad
1736 1672 1997 1712 succedentes
2045 1679 2186 1713 aetates

1322 1732 1543 1774 transeunt,
1565 1727 1606 1773 6,
1632 1729 1696 1767 16.

1269 1779 1533 1821 Pulchritudo
1551 1782 1664 1836 quid,
1682 1788 1722 1822 et
1735 1782 1776 1822 in
1796 1795 1876 1834 quo
1895 1783 2097 1828 consistat,
2115 1785 2187 1824 56.

1328 1835 1650 1878 Pulchritudines
1685 1839 1900 1878 exteriores
1930 1851 1955 1878 a
1985 1838 2066 1879 Dei
2096 1840 2188 1894 pul·

1322 1891 1549 1933 chritudine
1571 1893 1750 1940 veniunt,
1775 1895 1868 1934 194.

1267 1946 1491 1987 Pulchrum
1525 1949 1728 1995 definitur,
1750 1951 1832 1990 ·58.
1875 1949 1934 1988 De
1958 1949 2124 1989 Pulchro
2154 1959 2189 1990 et

1322 2004 1422 2054 Apto
1441 2005 1520 2043 duo
1535 2013 1603 2044 aut
1614 2011 1691 2044 tres
1705 2004 1828 2045 libros
1839 2004 1977 2044 scribit
1998 2004 2186 2059 Aug.57.

1269 2057 1446 2109 Pylades
1467 2067 1506 2100 et
1527 2060 1704 2108 Orestes,
1726 2063 1791 2101 51.

1703 2228 1757 2275 Q.

1255 2335 1475 2382 ‘Quaere1·e.
1509 2335 1733 2374 Veritatem
1763 2336 1831 2389 qui
1866 2349 1944 2376 non
1976 2335 2040 2390 pie
2073 2349 2183 2389 quae-

1324 2397 1431 2435 runt,
1452 2403 1530 2429 non
1550 2390 1776 2437 inveniunt,
1799 2393 1867 2431 66.

1267 2444 1549 2493 Quaestionum
1587 2446 1663 2486 tria
1694 2460 1857 2498 genera,
1894 2459 1946 2486 an
1991 2445 2054 2493 sit,
2088 2445 2189 2500 quid

1323 2500 1386 2549 sit,
1407 2502 1527 2554 quale
1546 2501 1612 2550 sit,
1634 2503 1724 2542 175.

1268 2556 1394 2604 Quies
1413 2557 1559 2597 frustra
1578 2558 1772 2610 quaeritur
1793 2557 1832 2597 in
1855 2555 2046 2597 creaturis
2074 2555 2188 2607 fuga-

1323 2611 1452 2660 cibus,
1474 2614 1543 2659 53,
1566 2614 1635 2659 54,
1655 2615 1722 2654 55.
1764 2615 1815 2654 In
1836 2616 1927 2655 Deo
1955 2611 2039 2651 solo
2066 2611 2189 2650 habe-

1323 2674 1402 2713 tur,
1424 2670 1545 2715 1,24.
1584 2669 1649 2708 Ibi
1666 2675 1725 2709 est
1745 2669 1857 2710 locus
1878 2667 2023 2722 quietis
2044 2665 2188 2720 imper-

1324 2723 1553 2773 turbabilis,
1573 2724 1643 2764 ubi
1673 2738 1753 2764 non
1782 2724 1978 2765 deseritur
2011 2735 2135 2768 amor,
2157 2724 2190 2760 si

1324 2778 1409 2832 ipse
1431 2793 1510 2819 non
1533 2780 1707 2826 deserat,
1729 2783 1800 2821 54.
1841 2779 1951 2820 Fecit
1973 2791 2044 2817 nos
2076 2778 2191 2817 Deus

1324 2835 1375 2873 ad
1414 2849 1472 2880 se,
1493 2842 1534 2874 et
1558 2835 1781 2889 inquietum
1815 2843 1875 2876 est
1899 2847 1965 2875 cor
1995 2843 2189 2879 nostrum,

1325 2889 1452 2930 donec
1474 2890 1516 2929 in
1547 2892 1640 2932 Deo
1659 2891 1902 2945 requieseat,
1927 2892 1965 2929 1.
2005 2887 2193 2929 Ostendit

1325 2946 1441 2985 Deus
1459 2958 1581 2999 quam
1603 2960 1792 2999 magnam
1820 2951 2042 2986 creaturam
2071 2943 2191 2982 ratio-

1325 3001 1455 3040 nalem
1488 3001 1640 3048 fecerit,
1661 3002 1725 3042 cui
1756 3002 1868 3041 nullo
1898 2999 2016 3038 modo
2045 2997 2192 3037 sufficit

1325 3054 1376 3094 ad
1387 3057 1547 3095 beatam
1565 3057 1740 3110 requiem
1753 3054 1947 3109 quidquid
1959 3053 2043 3107 ipso
2059 3052 2190 3092 minus

1324 3116 1399 3158 est,
1420 3112 1517 3150 253.
1555 3112 1727 3165 Ignavia
1746 3111 1862 3164 quasi
1874 3109 2047 3163 quietem
2068 3120 2189 3161 appe-

1324 3165 1384 3211 tit,
1397 3180 1490 3219 quae
1512 3179 1602 3206 vero
1621 3167 1735 3219 quies
1755 3173 1864 3206 certa
1883 3170 2026 3220 praeter
2043 3162 2187 3202 Domi-

1323 3223 1444 3261 num?
1494 3222 1563 3262 24.
1624 3222 1752 3269 Quies
1789 3229 1850 3262 est
1897 3219 2006 3273 apud
2053 3218 2188 3258 Deum

1321 3275 1458 3321 valde,
1475 3283 1515 3316 et
1536 3277 1614 3317 vita
1634 3274 1990 3332 imperturbabilis,
2007 3274 2078 3313 26.
2104 3273 2191 3313 Vid.

1326 3331 1516 3385 Requies.

1706 3442 1759 3482 R..

1272 3551 1449 3602 Rapere.
1478 3551 1691 3599 Quomodo
1702 3552 1835 3607 rapiat
1845 3551 2048 3591 hominem
2063 3549 2192 3594 Deus,

1270 3607 1545 3756 Beggginlaiii
1572 3674 1639 3716 per
1675 3661 1945 3717 Baptismum,
1981 3658 2192 3706 128,166.

1272 3771 1566 3826 Reliquiarium
1592 3773 1709 3822 Evae,
1731 3773 1797 3812 72.
