2378 4134
551 247 1149 312 CONFESSIONUM
1186 242 1425 300 LIBER
1459 236 1622 293 VIII.
1902 234 2003 287 135

169 402 228 449 et
257 408 428 447 mores
463 383 835 442 suaveolentiae
872 389 998 446 tuae,
1026 387 1082 433 et
1114 379 1279 431 ubera
1314 374 1525 428 deserta
1559 368 1739 431 eremi,
1778 381 2007 437 quorum

169 495 272 531 nos
293 474 427 528 nihil
451 451 765 525 sciebamus.
815 468 891 519 Et
913 474 1024 519 erat
1046 458 1426 516 monasterium
1439 452 1766 508 Mediolani¹·
1785 451 2007 519 plenum

171 562 328 615 bonis
361 556 626 619 fratribus,
655 558 809 605 extra
838 551 986 603 urbis
1016 547 1234 611 moenia,
1270 545 1370 597 sub
1404 538 1688 594 Ambrosio
1722 535 2007 596 nutritore3

170 654 228 700 et
247 661 355 697 non
378 656 707 694 noveramus.
782 634 1140 687 Pertendebat
1171 631 1262 683 ille
1295 635 1351 682 et
1382 624 1703 696 loquebatur
1734 620 1930 682 adhuc,
1956 624 2011 669 et

172 748 272 783 nos
317 725 507 779 intenti
556 723 881 776 tacebamus.
958 717 1119 772 Unde
1161 723 1214 768 et
1248 711 1442 767 incidit
1476 717 1538 762 ut
1573 708 1775 760 diceret
1823 702 2009 755 nescio

173 810 386 884 quando
423 826 479 862 se
514 814 571 859 et
604 813 710 857 tres
747 804 882 856 alios
930 801 1337 855 contubernales
1387 813 1531 858 SUOS,
1567 792 1819 845 nimirum
1861 786 2009 856 apud

172 899 445 958 Treveros,
470 910 594 944 cum
621 892 916 958 Imperator
939 885 1308 956 pomeridiano
1334 880 1668 936 Circensium
1698 873 2008 946 spectaculo

174 986 448 1042 teneretur,
486 976 662 1028 exisse
713 973 1110 1026 deambulatum
1158 970 1216 1021 in
1262 970 1447 1020 hortos
1483 964 1650 1017 muris
1699 960 2010 1027 contiguos;

173 1074 334 1135 atque
380 1063 492 1114 illic
540 1068 600 1112 ut
645 1059 777 1111 forte
832 1056 1124 1110 combinati
1182 1054 1566 1123 spatiabantur,
1613 1065 1779 1100 unum
1830 1061 2013 1097 secum

176 1167 428 1211 seorsum,
466 1154 520 1199 et
553 1146 685 1198 alios
718 1143 854 1196 duos
885 1141 1069 1194 itidem
1109 1157 1345 1191 seorsum
1380 1136 1684 1206 pariterque
1719 1131 2010 1199 digressos:

177 1235 272 1288 sed
295 1234 415 1285 illos
439 1227 785 1297 vagabundos
810 1227 1023 1278 irruisse
1048 1226 1105 1276 in
1131 1222 1419 1293 quamdam
1455 1237 1653 1282 casam,
1680 1217 1774 1269 ubi
1805 1214 2014 1267 habita-

177 1322 308 1372 bant
330 1316 547 1387 quidam
574 1313 708 1365 servi
734 1311 830 1374 tui,
854 1312 1054 1377 spiritu
1082 1325 1371 1375 paupere&
1397 1307 1643 1374 qualium
1677 1309 1755 1355 est
1790 1318 2014 1369 refflmm
2032 1316 2139 1355 Mat.
2157 1316 2199 1359 5,

176 1407 448 1466 εωίονη-ηι,
487 1409 541 1454 et
575 1399 841 1452 invenisse
877 1397 955 1448 ibi
993 1395 1237 1448 codicem
1274 1394 1331 1444 in
1371 1411 1478 1462 quo
1518 1392 1717 1460 scripta
1754 1397 1867 1441 erat
1907 1388 2019 1439 vita
2032 1371 2072 1409 3.

181 1489 412 1543 Antonii.
488 1488 661 1546 Quam
696 1486 872 1550 legere
906 1480 1074 1549 coepit
1103 1497 1243 1531 unus
1281 1495 1480 1542 eorum,
1515 1483 1569 1528 et
1604 1474 1802 1536 mirari,
1838 1480 1893 1524 et
1931 1491 2018 1524 ac-

179 1573 357 1635 cendi,
392 1580 449 1625 et
483 1572 619 1622 inter
653 1566 937 1635 legendum
985 1564 1230 1616 meditari
1279 1563 1507 1632 arripere
1547 1562 1710 1612 talem
1747 1559 1929 1623 vitam,
1969 1564 2022 1609 et

179 1659 363 1711 relicta
385 1656 604 1709 militia*
625 1652 865 1705 saeculari
891 1650 1084 1703 servire
1112 1648 1233 1701 tibi:
1275 1645 1458 1700 erant*
1486 1652 1663 1698 autem
1682 1663 1753 1697 ex
1780 1644 1858 1695 eis
1883 1660 2021 1711 quos

180 1743 368 1795 dicunt
391 1743 649 1807 Agentes!
676 1738 732 1788 in
755 1738 928 1788 rebus.
986 1736 1141 1786 Tunc
1168 1734 1345 1785 subito
1370 1734 1606 1801 repletus
1632 1748 1809 1782 amore
1836 1735 2022 1780 saneto

179 1835 236 1879 et
260 1828 436 1879 sobrio
460 1825 681 1894 pudore,
705 1825 871 1874 iratus
898 1821 1001 1873 sibi
1029 1820 1260 1889 conjecit
1294 1820 1479 1871 oculos
1503 1819 1560 1868 in
1587 1817 1836 1877 amicum,
1863 1821 1917 1865 et
1949 1813 2024 1864 ait

182 1913 284 1964 illi:
325 1913 357 1938 “
379 1911 501 1974 Dic,
528 1927 709 1978 quaeso
735 1914 805 1970 te,
823 1906 1071 1958 omnibus
1089 1905 1207 1956 istis
1221 1904 1496 1955 laboribus
1514 1902 1709 1953 nostris
1730 1918 1836 1970 quo
1854 1898 2022 1951 ambi-

184 2015 302 2048 mus
325 1993 626 2065 pervenire?
687 1991 818 2062 quid
856 1989 1173 2060 quaerimus?
1233 1989 1386 2058 eujus
1410 1989 1486 2039 rei
1512 2005 1674 2040 causa
1698 1982 2021 2037 militamus?

187 2080 427 2150 Majome
465 2097 580 2131 esse
620 2076 814 2147 poterit
851 2093 974 2144 spes
1011 2084 1194 2127 nostra
1229 2074 1287 2124 in
1321 2074 1540 2142 palatie,
1579 2090 1741 2141 quam
1775 2081 1835 2123 ut
1866 2069 2024 2122 amici

187 2164 526 2233 Imperatoris
569 2160 766 2214 simus?
861 2162 936 2212 Et
985 2160 1062 2211 ibi
1114 2158 1246 2228 quid
1294 2177 1402 2210 non
1452 2159 1656 2225 fragile,
1695 2158 2024 2226 plenumque

185 2247 464 2319 periculis?
541 2249 616 2299 Et
639 2265 733 2316 per
761 2253 892 2315 quot
915 2246 1158 2313 pericula
1182 2244 1487 2312 pervenitur
1512 2243 1579 2296 ad
1607 2242 1861 2311 grandius
1886 2241 2024 2310 peri-

183 2332 395 2387 culum?
486 2334 561 2383 Et
610 2330 858 2400 quando*
898 2330 1043 2381 istud
1092 2329 1216 2381 erit?
1311 2330 1534 2381 Amicus
1586 2337 1763 2381 autem
1815 2328 1942 2390 Dei,
1983 2327 2027 2377 si

187 2419 421 2480 voluere,
448 2435 572 2468 ecee
606 2434 748 2467 nunc
785 2415 905 2465 fio.''
980 2414 1139 2465 Dixit
1166 2415 1291 2477 hoc,
1317 2422 1370 2466 et
1397 2413 1643 2465 turbidus
1677 2412 2029 2481 parturitione

187 2519 340 2551 novae
364 2501 503 2564 vitae,
528 2498 759 2550 reddidit
782 2500 965 2550 oculos
1000 2498 1242 2566 paginis3
1295 2505 1349 2549 et
1383 2500 1614 2565 legebat,
1642 2505 1695 2549 et
1726 2499 2032 2549 mutabatur

190 2586 334 2635 intus
358 2584 453 2635 ubi
478 2591 536 2635 tu
562 2583 798 2646 videbas,
825 2590 878 2634 et
901 2584 1196 2634 exuebatur
1219 2582 1420 2633 mundo
1454 2601 1606 2634 mens
1645 2582 1777 2651 ejus,
1803 2588 1863 2632 ut
1898 2600 2028 2632 mox

189 2668 451 2736 apparuit.
526 2669 772 2736 Namque
811 2666 937 2718 dum
984 2666 1131 2732 legit,
1170 2674 1223 2717 et
1259 2667 1427 2717 volvit
1474 2667 1669 2718 fluctus
1708 2666 1886 2718 cordis
1928 2666 2028 2728 sui,

190 2897 341 2931 vastum
380 2903 550 2931 eremum
587 2898 888 2939 commanentes,
920 2891 1012 2944 igna
1038 2898 1080 2931 et
1134 2904 1207 2931 nus
1230 2893 1540 2945 contempserim,
1560 2905 1692 2931 eorum
1723 2891 1869 2931 scilicet
1896 2890 1962 2943 qui
1991 2891 2029 2930 in

194 2945 368 2998 prodigia
395 2945 634 2998 Apostolica‚
654 2945 898 2998 simplicitate
925 2946 1012 2984 vitae
1041 2952 1080 2984 et
1135 2945 1352 2985 civitatibus
1383 2947 1543 2998 degunt,
1567 2958 1590 2984 a
1615 2946 1764 2998 vulgari
1792 2945 1870 2983 vita
1903 2959 2029 2984 remo-

190 2998 962 3046 cordissinceritate,faciebant—utvere
976 3012 1081 3038 com-
1137 2999 1287 3039 tissimi.
1346 3000 1436 3038 Vidi
1474 3014 1547 3052 ego
1583 2999 1837 3040 diversorium
1875 3007 2025 3039 sancto-

195 3052 362 3104 pleretur
400 3054 578 3105 Apostoli
623 3052 785 3100 dictum,
824 3059 850 3076 “
873 3053 966 3106 quia
1010 3054 1078 3092 ubi
1134 3066 1219 3092 rum
1235 3053 1466 3099 Mediolani,
1482 3067 1559 3092 nou
1575 3067 1788 3106 paucorum
1811 3053 2029 3099 hominum,

194 3105 411 3144 abundavit
437 3114 656 3159 peccatum,
685 3107 1017 3167 superabundavit
1037 3114 1076 3146 et
1134 3107 1276 3158 quibus
1305 3119 1407 3146 unus
1434 3109 1634 3160 presbyter
1662 3114 1830 3161 praeerat
1848 3107 1906 3146 vir
1933 3106 2030 3159 opti-

193 3157 360 3210 gratia.''
393 3159 499 3199 Ruff.
516 3159 567 3199 H.
588 3161 637 3200 E.
656 3160 684 3199 l.
704 3160 741 3200 ix.
765 3174 803 3201 c.
821 3163 858 3200 8.
1136 3174 1221 3200 mus
1258 3169 1297 3201 et
1334 3161 1588 3201 doctissimus.
1637 3163 1702 3201 De
1735 3161 1879 3200 Morib.
1917 3160 2027 3200 Eccl.

253 3215 272 3236 ⁸
301 3211 507 3251 Difficilius
525 3220 582 3252 est
600 3213 775 3253 virtutem
804 3215 844 3253 in
872 3213 1078 3267 multiplici
1134 3215 1251 3254 Cath.
1271 3229 1305 3254 c.
1325 3217 1393 3261 32,
1413 3216 1479 3254 33.

199 3262 394 3323 hominum
410 3277 560 3317 genere.
577 3267 669 3306 etin
691 3267 763 3307 ista
778 3267 859 3307 vita
875 3269 1078 3307 turbulen-
1188 3272 1211 3295 Χ
1240 3269 1333 3309 Vid.
1353 3283 1437 3322 sup.
1460 3283 1501 3321 p.
1525 3269 1614 3307 134.
1634 3274 1715 3307 not.
1732 3281 1775 3320 q.

198 3322 294 3356 tiore
311 3319 821 3360 servares—Difficillimum
847 3329 906 3361 est
934 3322 995 3361 hic
1022 3329 1078 3362 te·
1188 3327 1209 3358 1
1239 3328 1266 3345 “
1286 3323 1461 3373 Agentes
1478 3322 1519 3360 in
1539 3321 1681 3360 rebus’'
1702 3329 1729 3344 ‘⁸
1752 3322 1820 3374 qui
1842 3321 2036 3374 Principis

200 3382 291 3409 nere
314 3370 502 3423 optimum
527 3372 613 3411 vitae
639 3373 814 3422 modum,
842 3382 882 3414 et
909 3375 1080 3414 animum
1131 3375 1249 3427 jussis
1273 3376 1606 3418 obsecundabant,
1628 3388 1761 3414 eorum
1783 3375 1974 3414 mandata
1992 3375 2034 3414 in

201 3429 383 3483 pacatum
402 3430 517 3483 atque
533 3427 800 3477 tranquillum.
847 3428 1022 3482 Quippe,
1042 3436 1084 3468 ut
1137 3429 1356 3481 provincias
1414 3429 1701 3482 perferebant‚''
1765 3429 2037 3481 Magisteriani

200 3475 365 3537 breviter
387 3477 593 3538 explicent,
619 3478 671 3526 hi,
693 3481 895 3534 [Episcopi
922 3482 1082 3535 presby·
1136 3487 1165 3506 ‘⁴
1188 3482 1279 3522 item
1300 3482 1506 3543 appellati,
1520 3482 1623 3533 quod
1645 3483 1718 3520 sub
1737 3483 1932 3533 Magistro
1951 3484 2035 3522 offi-

201 3530 512 3575 ten,diacom.et
527 3534 787 3583 cujuscemodi
805 3534 966 3574 ministri
983 3535 1084 3574 divi·
1139 3534 1286 3575 ciorum
1313 3535 1564 3574 militarent-''
1602 3535 1695 3575 vid.
1717 3536 1741 3575 J
1749 3549 1810 3575 ac.
1830 3535 2036 3577 Gotofred.

201 3595 337 3643 norum
357 3584 712 3638 sacramentorum]
730 3594 851 3638 agunt
868 3588 937 3627 ubi
955 3588 1084 3630 vivere
1140 3588 1190 3628 ad
1219 3589 1279 3628 tit.
1308 3589 1410 3629 Cod.
1437 3588 1591 3628 Theod.
1619 3588 1669 3628 de
1698 3589 1845 3642 Agent.
1872 3590 1914 3630 in
1950 3591 2036 3631 reb.

202 3635 375 3695 discitur,
395 3636 452 3675 illi
468 3636 699 3691 [Monachi]
719 3640 789 3680 ubi
802 3640 957 3681 vivitur.
995 3642 1035 3681 N
1037 3654 1084 3683 ee
1142 3642 1193 3695 [t.
1210 3642 1249 3683 ii.
1267 3656 1309 3696 p.
1329 3643 1404 3683 164
1423 3642 1534 3696 sqq.]
1555 3644 1624 3683 Du
1643 3643 1796 3696 Gange.

202 3689 287 3729 »deo
314 3697 444 3730 tamen
470 3689 669 3732 laudabile
688 3691 990 3735 Christianorum
1019 3708 1085 3748 ge-
