2378 4134
239 3189 302 3229 ΙΙ.

175 3245 225 3284 Μ
229 3256 364 3283 omen·

378 187 483 237 104
852 187 908 240 S.
948 186 1394 242 AUGUSTINI
1433 185 1793 241 EPISCOPI

372 316 658 387 privabam
691 319 886 390 spatiis
917 321 1140 388 talibus,
1163 319 1305 373 nihil
1329 319 1468 372 mihi
1494 337 1613 373 esse
1638 316 1956 372 videbatur:
1998 315 2096 371 sed
2119 335 2267 388 pror-

375 421 469 456 sus
491 403 650 468 nihil,
675 423 744 459 ne
770 405 934 460 inane
962 407 1186 478 quidem
1198 427 1213 473 ;
1247 414 1509 477 tanquam
1535 406 1582 458 si
1609 423 1810 476 corpus
1835 405 2107 458 auferatur
2127 404 2270 469 loce,

2316 0 2378 254 l

374 496 431 542 et
454 497 674 544 maneat
700 493 858 546 locus
899 494 1048 547 omni
1086 511 1310 564 corpore
1341 499 1621 557 vacuatus,
1648 498 1703 544 et
1725 500 1937 546 terreno
1963 498 2018 544 et
2040 489 2269 543 humido

375 585 430 630 et
481 597 636 632 aereo
690 586 745 633 et
795 581 1024 648 coelesti,
1067 580 1165 634 sed
1218 587 1400 633 tamen
1453 580 1526 632 sit
1574 581 1732 633 locus
1781 578 1962 632 inanis
2011 583 2272 648 tanquam

376 665 680 735 spatiosum
705 666 862 719 nihil.

450 754 502 806 2.
544 756 670 822 Ego
706 756 895 826 itaque
921 756 1255 809 incrassatus
1291 753 1474 819 corde,
1499 772 1602 808 nec
1628 753 1879 806 mihimet
1901 751 2011 822 ipsi
2038 751 2124 803 vel
2152 749 2273 820 ipse

378 841 711 911 conspicuus
722 849 756 902 ²,
779 841 1052 913 quidquid
1070 862 1181 895 non
1208 859 1308 912 per
1333 841 1615 912 aliquanta
1642 841 1821 911 spatia
1845 839 2172 903 tenderetur,
2190 839 2274 891 vel

377 926 788 992 diffunderetur,
814 929 902 980 vel
938 930 1375 997 conglobaretur,
1412 929 1497 980 vel
1527 934 1775 992 tumeret,
1802 928 1890 981 vel
1925 928 2034 980 tale
2065 924 2276 996 aliquid

377 1020 614 1083 caperet,
667 1020 763 1066 aut
813 1033 1008 1083 capere
1057 1021 1266 1084 posset,
1317 1014 1459 1065 nihil
1511 1032 1734 1084 prorsus
1789 1033 1908 1068 esse
1959 1014 2272 1067 arbitrabar.

375 1104 481 1155 Per
500 1104 690 1173 quales
717 1103 863 1155 enim
889 1103 1090 1156 formas
1116 1104 1194 1157 ire
1223 1105 1402 1157 solent
1428 1104 1574 1157 oculi
1592 1104 1720 1170 mei,
1735 1122 1834 1174 per
1853 1104 1989 1156 tales
2008 1102 2275 1170 imagines

374 1190 492 1242 ibat
519 1209 612 1243 cor
636 1208 817 1242 meum
841 1211 852 1243 :
893 1209 996 1243 nec
1023 1190 1279 1243 videbam
1305 1191 1450 1243 hanc
1478 1190 1724 1244 eamdem
1764 1190 2138 1254 intentionem,
2167 1207 2277 1259 qua

374 1278 499 1329 illas
540 1277 692 1346 ipsas
735 1277 1006 1346 imagines
1048 1278 1368 1342 formabam,
1402 1297 1514 1330 non
1553 1296 1671 1331 esse
1709 1278 1817 1330 tale
1853 1276 2095 1347 aliquid3
2152 1295 2274 1346 quae

375 1370 559 1416 tamen
596 1364 748 1433 ipsas
785 1383 898 1416 non
937 1364 1212 1430 formaret,
1252 1365 1358 1417 nisi
1399 1371 1542 1418 esset
1581 1364 1791 1435 aliquid
1833 1382 2109 1432 magnum.
2189 1364 2278 1416 Ita

375 1451 540 1503 etiam
566 1457 637 1515 te,
666 1450 778 1503 vita
803 1450 928 1503 vitae
956 1470 1111 1516 meae,
1141 1451 1400 1520 grandem
1439 1470 1537 1521 per
1571 1451 1791 1504 infinita
1829 1451 2009 1521 spatia
2034 1450 2277 1520 undique

376 1537 686 1605 cogitabam
719 1544 1002 1608 penetrare
1038 1545 1207 1591 totam
1242 1538 1434 1591 mundi
1468 1539 1688 1604 molem,
1715 1545 1770 1590 et
1796 1544 1951 1590 extra
1987 1556 2106 1590 eam
2145 1555 2276 1606 qua-

374 1642 701 1694 quaversum
738 1642 837 1693 per
875 1625 1196 1678 immensam
1238 1625 1355 1678 sine
1389 1626 1618 1677 termino
1641 1646 1663 1690 3>
1700 1633 1761 1678 ut
1788 1626 2017 1677 haberet
2039 1631 2094 1677 te
2120 1631 2278 1689 terra,

374 1711 599 1762 haberet
642 1712 862 1776 coelum,
903 1713 1170 1765 haberent
1209 1713 1408 1777 omnia,
1450 1720 1504 1766 et
1540 1713 1636 1765 illa
1675 1712 1958 1765 finirentur
2000 1712 2058 1763 in
2102 1719 2175 1775 te,
2215 1719 2278 1764 tu

376 1805 556 1849 autem
590 1816 879 1868 nusquam.
962 1800 1121 1852 Sicut
1153 1806 1336 1852 autem
1369 1801 1482 1853 luci
1518 1799 1648 1852 solis
1683 1818 1795 1852 non
1835 1800 2124 1852 obsisteret
2160 1817 2277 1852 cor-

374 1905 498 1955 pUS,
545 1886 684 1938 aeris
729 1886 896 1957 hujus
945 1886 1039 1957 qui
1086 1905 1251 1957 supra
1293 1893 1491 1940 terram
1536 1894 1635 1953 est,
1678 1887 1973 1957 quominus
2014 1904 2111 1956 per
2153 1905 2278 1938 eum

374 1971 711 2042 trajiceretur
745 1979 1040 2043 penetrans
1074 1992 1218 2039 eum,
1244 1992 1356 2025 non
1385 1973 1748 2044 dirumpendo
1785 1980 1880 2027 aut
1917 1974 2277 2039 concidendO,

376 2059 473 2111 sed
498 2059 780 2129 implendo
817 2079 940 2112 eum
974 2067 1181 2113 totum:
1226 2061 1305 2113 sic
1344 2061 1448 2113 tibi
1476 2063 1742 2131 putabam
1781 2079 1893 2112 non
1937 2062 2111 2113 solum
2153 2062 2279 2114 coeli

374 2153 428 2198 et
453 2146 590 2198 aeris
618 2154 671 2199 et
696 2146 880 2211 mariS,
910 2146 1008 2199 sed
1034 2148 1198 2200 etiam
1226 2154 1376 2200 terrae
1405 2166 1605 2217 corpus
1631 2148 1898 2216 pervium,
1927 2154 1981 2200 et
2007 2167 2077 2200 ex
2106 2149 2278 2200 omni-

374 2236 480 2287 bus
518 2235 778 2287 maximis
817 2236 1170 2306 minimisque
1208 2236 1456 2305 partibus
1488 2236 1826 2305 penetrabile
1855 2236 1925 2288 ad
1956 2236 2280 2306 capiendam

375 2323 723 2390 praesentiam
749 2330 916 2389 tuam,
944 2324 1162 2382 occulta
1186 2323 1545 2392 inspiratione
1580 2322 1910 2374 intrinsecus
1936 2330 1990 2375 et
2014 2323 2278 2376 extrinse-

378 2426 476 2460 cus
504 2408 976 2462 administrantem
1006 2409 1190 2461 omnia
1225 2428 1347 2480 quae
1383 2409 1593 2462 creasti.
1671 2410 1759 2461 Ita
1786 2409 2122 2478 suspicabar,
2150 2410 2281 2480 quia

378 2496 617 2563 cogitare
669 2496 821 2549 aliud
871 2516 982 2549 non
1034 2503 1316 2566 poteram3
1370 2515 1497 2548 nam
1538 2496 1737 2548 falsum
1782 2503 1910 2549 erat.
1987 2498 2093 2549 Illo
2134 2498 2281 2549 enim

377 2582 542 2635 modo
595 2583 771 2654 major
819 2602 947 2654 pars
998 2591 1152 2636 terrae
1202 2583 1462 2654 majorem
1512 2583 1594 2635 tui
1661 2589 1870 2652 partem
1932 2583 2174 2648 haberet,
2227 2591 2282 2637 et

378 2671 644 2723 minorem
670 2672 876 2724 minor:
920 2677 1084 2741 atque
1118 2671 1198 2723 ita
1229 2677 1283 2723 te
1317 2672 1483 2741 plena
1516 2678 1698 2723 essent
1732 2671 1932 2735 omnia,
1958 2677 2019 2722 ut
2046 2671 2281 2740 amplius

379 2756 460 2808 tui
501 2764 721 2825 caperet
760 2758 1040 2827 elephanti
1086 2776 1284 2827 corpus
1326 2776 1491 2827 quam
1529 2757 1785 2827 passeriS,
1832 2776 1941 2828 quo
1988 2764 2132 2810 esset
2172 2759 2280 2810 isto

383 2843 663 2910 grandiUS,
683 2844 1137 2914 grandioremque
1159 2852 1454 2912 occuparet
1476 2845 1686 2907 locum3
1721 2850 1885 2912 atque
1910 2844 1989 2895 ita
2011 2844 2281 2896 frustatim

378 2929 627 2998 partibus
665 2931 873 2995 mundi,
900 2932 1115 2998 magnis
1150 2948 1397 2997 magnaS,
1421 2930 1680 2982 brevibus
1714 2931 1907 2982 breves
1939 2936 2120 2999 partes
2160 2938 2281 2984 tuas

377 3022 676 3085 praesentes
709 3016 931 3069 faceres,
1010 3018 1140 3068 Non
1177 3035 1236 3068 es
1269 3023 1447 3068 autem
1482 3015 1573 3068 ita.
1653 3014 1764 3069 Sed
1799 3015 2044 3068 nondum
2078 3017 2279 3070 illumi-

380 3121 609 3155 naveras
635 3103 886 3155 tenebras
912 3121 1078 3157 meas,

461 3193 511 3241 3.
555 3190 653 3242 Sat
695 3196 809 3242 erat
851 3190 998 3242 enim
1049 3188 1204 3256 mihi,
1248 3189 1506 3253 Domine,
1550 3189 1809 3242 adversus
1847 3189 1973 3243 illos
2019 3190 2280 3260 deceptos

177 3307 262 3339 tum
281 3312 361 3353 quo
387 3276 723 3346 deceptor‘eS‚
752 3283 807 3329 et
829 3278 1093 3347 loquaces
1119 3274 1354 3341 mutos*,
1382 3276 1642 3347 quoniam
1680 3295 1793 3330 non
1832 3295 1902 3329 ex
1938 3277 2017 3330 eis
2053 3280 2282 3331 sonabat

178 3355 219 3394 N
225 3355 328 3395 ebri-
386 3365 612 3415 verbum
652 3370 832 3416 tuum:
891 3370 975 3416 sat
1014 3374 1129 3415 erat
1171 3381 1300 3430 ergo
1345 3363 1486 3415 illud
1538 3363 1687 3433 quod
1729 3362 1944 3434 jamdiu
1989 3366 2057 3417 ab
2104 3383 2280 3436 usque

176 3409 267 3450 dius
280 3423 373 3449 con·

178 3465 330 3504 futarat
390 3449 723 3518 Carthagine
766 3468 798 3502 a
840 3448 1109 3502 Nebridio
1146 3449 1379 3519 proponi
1414 3450 1641 3515 solebat,
1679 3456 1733 3502 et
1771 3469 1958 3503 omnes
1995 3452 2089 3522 qui
2126 3451 2279 3504 audi-

178 3521 227 3559 M
233 3519 317 3559 ani-

179 3574 323 3615 chaeos.

442 3674 463 3697 ὃ
494 3673 588 3720 Quo
623 3672 828 3713 intellectu
859 3672 993 3713 Deum
1030 3672 1136 3727 capit
1170 3673 1303 3720 homo,
1361 3672 1448 3713 vult
1465 3684 1605 3727 capere
1619 3673 1796 3714 nondum
1817 3672 1955 3727 capit!
1987 3672 2094 3728 Aug.
2106 3672 2278 3715 deTrin.

385 3725 453 3784 qui
490 3726 620 3782 ipsum
658 3727 908 3772 intellectum
947 3741 1065 3769 suum
1104 3742 1185 3783 quo
1212 3741 1306 3769 eum
1361 3741 1402 3769 v.
1422 3728 1458 3780 ς.
1480 3729 1520 3769 2.
