2378 4134
526 261 1133 318 CONFESSIONUM
1173 260 1414 312 LIBER
1453 261 1497 312 Ι.
1919 266 1952 312 5

93 397 348 467 quoniam
381 403 504 448 ante
535 393 828 464 primordia
864 394 1199 457 saeculorum,
1233 397 1289 443 et
1325 398 1448 443 ante
1486 407 1644 443 omne
1682 391 1829 461 quod
1869 394 1954 444 vel

93 491 215 536 ante
241 481 349 534 dici
373 488 568 550 potest,
594 488 651 533 tu
676 498 751 544 eS,
778 487 832 532 et
856 480 1007 531 Deus
1043 496 1102 531 es
1138 476 1516 545 Dominusque
1554 476 1795 528 omnium
1831 496 1952 547 quae

93 569 302 622 creasti:
353 576 407 620 et
437 567 583 637 apud
620 575 672 620 te
708 585 883 619 rerum
921 566 1159 618 omnium
1195 562 1528 616 instabilium
1566 570 1710 615 stant
1746 582 1950 628 causae;

91 662 143 707 et
176 671 347 705 rerum
383 653 621 704 omnium
657 652 996 704 mutabilium
1033 648 1395 702 immutabiles
1432 654 1652 699 manent
1689 648 1950 716 origines3

90 746 144 791 et
167 737 405 790 omnium
428 737 873 789 irrationabilium
899 744 952 788 et
975 734 1350 804 temporalium
1389 734 1726 802 sempiternae
1765 734 1953 787 vivunt

89 823 333 875 rationes,
410 823 519 875 Dic
544 822 678 873 mihi
717 821 954 891 supplici
989 828 1100 883 tu0,
1128 820 1298 882 DeuS‚
1325 826 1379 871 et
1414 818 1717 870 misericors
1754 819 1950 872 misero

89 917 205 971 tuo;
245 907 332 959 dic
358 908 490 958 mihi
516 916 691 960 utrum
710 907 824 978 jam
849 906 1012 958 alicui
1040 906 1184 957 aetati
1208 922 1342 956 meae
1369 911 1591 955 mortuae
1631 905 1950 957 successerit

88 993 312 1044 infantia
336 1010 479 1044 mea:
520 1011 588 1044 an
614 993 710 1044 illa
735 1000 818 1044 est
842 1009 1003 1060 quam
1030 991 1116 1057 egi
1142 991 1283 1041 intra
1316 991 1523 1042 viscera
1559 991 1744 1042 matris
1782 990 1948 1042 meae?

91 1079 231 1129 Nam
270 1085 323 1130 et
359 1076 425 1129 de
461 1078 557 1129 illa
593 1078 727 1128 mihi
765 1076 1014 1129 nonnihil
1052 1075 1346 1127 indicatum
1386 1083 1485 1139 est,
1522 1084 1575 1127 et
1611 1084 1952 1144 praegnantes

87 1163 204 1230 ipse
229 1161 339 1212 vidi
365 1162 606 1214 feminas
683 1161 829 1222 Quid
855 1170 976 1214 ante
1002 1161 1142 1213 hanc
1172 1162 1349 1224 etiam,
1376 1160 1606 1213 dulcedo
1634 1180 1770 1225 mea,
1798 1163 1952 1214 Deus

87 1247 267 1299 meus?
307 1247 451 1299 fuine
478 1247 696 1310 alicubi,
723 1255 814 1299 aut
847 1245 1075 1316 aliquis?
1144 1247 1287 1297 Nam
1322 1246 1443 1314 quis
1482 1246 1616 1297 mihi
1652 1246 1798 1299 dicat
1829 1247 1951 1311 ista,

88 1351 196 1384 non
247 1334 422 1385 habeo
435 1353 449 1395 3
511 1351 610 1384 nec
661 1340 813 1401 pater
862 1350 962 1384 nec
1012 1339 1181 1383 mater
1228 1339 1530 1399 potuerunt,
1576 1350 1675 1383 nec
1723 1333 1950 1384 aliorum

89 1419 531 1486 experimentum,
555 1436 655 1469 nec
682 1417 938 1469 memoria
973 1434 1107 1468 mea.
1183 1417 1270 1467 An
1308 1416 1496 1468 irrides
1532 1435 1617 1468 me
1655 1418 1762 1469 ista
1802 1437 1949 1486 quae-

86 1510 304 1566 rentem,
323 1510 482 1572 teque
508 1502 574 1554 de
601 1503 704 1554 hoc
727 1501 872 1571 quod
890 1501 1037 1564 novi,
1051 1499 1256 1553 laudari
1277 1519 1308 1553 a
1325 1519 1411 1552 me
1428 1501 1609 1571 jubeS‚
1631 1510 1684 1554 et
1704 1502 1949 1555 confiteri

86 1606 170 1639 me
198 1586 329 1640 tibi*
355 1588 373 1639 ?

163 1677 244 1724 10.
285 1673 558 1725 Confiteor
600 1674 718 1738 tibi,
764 1674 1001 1725 Domine
1041 1673 1164 1726 coeli
1203 1681 1256 1724 et
1294 1680 1463 1738 terrae,
1501 1674 1716 1726 laudem
1761 1674 1948 1727 dicens

87 1758 184 1809 tibi
211 1757 276 1809 de
302 1758 610 1827 primordiis
637 1767 689 1810 et
712 1759 938 1811 infantia
962 1776 1082 1810 mea
1109 1764 1228 1827 quae
1255 1777 1364 1810 non
1390 1759 1611 1810 memini
1626 1779 1638 1822 ;
1679 1768 1732 1812 et
1752 1759 1949 1812 dedisti

87 1863 151 1896 ea
186 1845 392 1896 homini
438 1864 507 1896 ex
553 1846 672 1897 aliis
718 1845 783 1897 de
830 1865 886 1897 se
932 1846 1213 1916 conjicere,
1247 1854 1300 1898 et
1338 1847 1745 1899 auctoritatibus
1785 1847 1948 1898 etiam

86 1931 512 1982 muliercularum
538 1933 705 1983 multa
732 1932 798 1983 de
826 1950 882 1983 se
909 1931 1140 1984 credere.
1226 1934 1392 1983 Eram
1431 1933 1574 1983 enim
1612 1940 1664 1983 et
1700 1932 1946 1985 vivebam

83 2017 245 2068 ctiam
289 2025 432 2079 tuno,
472 2024 524 2068 et
562 2017 731 2083 signa,
771 2017 968 2086 quibus
1008 2035 1166 2069 sensa
1202 2035 1321 2069 mea
1358 2025 1487 2068 nota
1526 2017 1646 2068 aliis
1698 2018 1947 2082 facerem,

77 2102 189 2171 jam
216 2102 272 2152 in
300 2102 406 2153 fine
439 2102 676 2154 infantiae
716 2104 1035 2171 quaerebam.
1115 2101 1276 2155 Unde
1313 2104 1417 2154 hoc
1456 2104 1562 2154 tale
1601 2103 1799 2154 animal
1840 2104 1947 2154 nisi

86 2189 182 2238 abs
208 2196 276 2251 te,
304 2187 571 2239 Domine?
637 2189 723 2239 An
762 2189 1047 2257 quisquam
1087 2207 1142 2239 se
1180 2188 1413 2240 faciendi
1452 2189 1551 2240 erit
1587 2188 1813 2240 artifex?
1857 2199 1949 2241 aut

85 2273 194 2324 ulla
231 2291 368 2325 vena
395 2274 620 2326 trahitur
653 2274 886 2337 aliunde,
918 2292 1026 2343 qua
1059 2292 1174 2325 esse
1213 2282 1266 2325 et
1303 2275 1478 2325 vivere
1518 2283 1692 2326 currat
1730 2274 1786 2324 in
1825 2293 1946 2340 nOS,

83 2367 437 2427 praeterquam
476 2358 622 2427 quod
661 2360 898 2427 tecfacis
935 2377 1044 2422 7208,
1087 2359 1339 2422 Domine,
1379 2360 1467 2411 cui
1520 2378 1637 2411 esse
1677 2369 1729 2412 et
1767 2362 1945 2413 vivere
1963 2379 2119 2428 Ps.99,

84 2461 192 2494 non
226 2443 372 2495 aliud
408 2451 568 2513 atque
605 2443 753 2495 aliud
789 2452 870 2495 est
881 2464 894 2507 3
954 2444 1081 2513 quia
1119 2462 1321 2495 summe
1362 2462 1496 2507 esse,
1536 2453 1697 2514 atque
1737 2465 1944 2498 summe
1960 2434 1998 2471 3.

85 2527 258 2578 vivere
282 2527 517 2595 idipsum
544 2527 632 2579 es?
700 2529 950 2580 Summus
976 2529 1119 2579 enim
1144 2546 1219 2591 eS‚
1246 2538 1299 2580 et
1325 2547 1429 2579 non
1458 2533 1722 2587 mutare‘.s¹;
1766 2549 1944 2600 neque
1962 2549 2065 2589 Mal.
2086 2552 2110 2589 3

84 2611 355 2678 peragitur
378 2612 434 2661 in
461 2619 512 2663 te
537 2611 829 2663 hodiernus
857 2611 988 2675 dies,
1016 2621 1068 2664 et
1092 2620 1269 2663 tamen
1306 2614 1363 2663 in
1402 2622 1453 2665 te
1491 2615 1782 2681 peragitur,
1815 2617 1946 2685 quia
1958 2602 1998 2640 6.

84 2696 140 2746 in
169 2704 217 2747 te
245 2703 367 2747 simt
391 2704 444 2747 et
467 2696 571 2748 ista
597 2698 801 2748 omnia:
841 2715 950 2749 non
989 2698 1132 2748 enim
1166 2698 1425 2750 haberent
1460 2699 1575 2750 vias
1615 2701 1942 2766 transeundi,

83 2781 187 2831 nisi
207 2781 503 2833 contineres
522 2800 599 2833 ea.
668 2783 744 2833 Et
769 2782 1024 2851 quoniam
1050 2784 1186 2833 (ιηηὶ
1213 2785 1298 2833 teci
1322 2801 1426 2834 non
1453 2783 1790 2850 'deficimet*‚
1817 2787 1943 2837 anni
1960 2798 2026 2836 Ps.
2055 2800 2143 2846 101,

84 2866 159 2916 tui
184 2865 476 2917 hodiernus
502 2865 642 2917 dies:
684 2874 738 2918 et
763 2885 924 2935 quam
961 2867 1115 2918 multi
1140 2867 1255 2936 jam
1292 2867 1408 2919 dies
1441 2869 1609 2920 nostri
1643 2878 1697 2921 et
1732 2879 1943 2938 patrum
1958 2854 2025 2893 28.

82 2942 379 3003 nostrorum
416 2969 513 3020 per
546 2951 864 3003 hodiernum
900 2960 1050 3004 tumn
1087 2953 1426 3016 transierunt,
1460 2962 1514 3005 et
1550 2972 1619 3005 ex
1658 2955 1754 3006 illo
1790 2975 1941 3008 acce-

81 3044 274 3103 perunt
306 3037 511 3101 modOS‚
549 3045 603 3089 et
634 3045 925 3107 utcumque
963 3039 1300 3103 exstiterunt,
1334 3047 1387 3091 et
1424 3040 1725 3092 transibimt
1762 3041 1939 3093 adhuc

82 3121 192 3184 alii,
218 3129 270 3173 et
293 3123 579 3190 accipient,
605 3131 658 3174 et
683 3131 972 3192 utcumque
998 3122 1256 3175 existent!
1326 3126 1403 3175 Tea
1430 3132 1615 3176 autem
1652 3126 1794 3177 idem
1824 3129 1939 3192 ipse.
1956 3142 2061 3182 Ibid.

81 3222 163 3260 επ
206 3214 259 3258 et
282 3209 461 3260 omnia
487 3209 718 3260 crastina
742 3218 902 3279 atque
939 3211 1095 3273 ultra,
1125 3211 1411 3279 omniaque
1448 3212 1699 3263 hesterna
1725 3219 1777 3262 et
1800 3219 1939 3264 retro

82 3288 243 3341 hodie
262 3291 443 3357 facies,
460 3292 621 3345 hodie
636 3293 827 3345 fecisti.
885 3293 1031 3354 Quid
1051 3294 1120 3346 ad
1145 3313 1249 3358 me,
1270 3295 1314 3346 si
1340 3297 1461 3364 quis
1481 3314 1590 3348 non
1610 3296 1906 3363 intelligat‘
1917 3297 1935 3348 ?

2118 2579 2130 2599 ²

137 3467 156 3499 ἓ
184 3462 249 3503 Sic
267 3463 527 3519 intelligamus
546 3469 692 3516 Deum,
708 3470 739 3509 si
758 3484 978 3524 possumus,
1032 3471 1116 3511 sine
1144 3471 1231 3510 ulla
1249 3472 1310 3511 sui
1331 3470 1544 3510 mutatione
1564 3469 1772 3509 mutabilia
1790 3469 1936 3510 facien-

82 3525 271 3578 quantum
287 3532 502 3579 possumus,
516 3521 596 3562 sine
607 3524 794 3576 qualitate
804 3526 951 3564 bonum
966 3540 976 3574 ;
1031 3533 1124 3573 tem,
1141 3524 1316 3578 nihilque
1333 3525 1558 3586 patientem.
1598 3524 1784 3577 Quisquis
1802 3523 1932 3564 Deum

80 3584 161 3610 stne
181 3580 396 3634 quantitate
425 3587 636 3627 magnum3
667 3577 748 3617 sine
767 3578 976 3632 indigentia
1030 3578 1084 3617 ita
1103 3578 1260 3631 cogitat,
1274 3587 1342 3618 ets1
1365 3579 1538 3617 nondum
1558 3584 1680 3631 potest
1699 3578 1806 3617 omni
1820 3579 1935 3618 modo

83 3632 292 3686 creatorem
311 3640 320 3673 ;
356 3640 436 3666 sune
463 3628 537 3668 situ
565 3630 830 3682 praesidentem
848 3648 860 3682 3
898 3632 981 3672 sine
1035 3632 1207 3671 invenire
1222 3632 1316 3685 quid
1336 3632 1397 3675 sit.
1417 3632 1479 3684 pie
1506 3639 1638 3671 tamen
1665 3639 1790 3679 cavet,
1810 3645 1935 3685 quan—

82 3678 216 3718 habitu
236 3681 367 3719 omnia
386 3681 670 3730 continentem3
689 3684 770 3725 sine
788 3686 876 3725 loco
896 3685 981 3726 ubi·
1035 3693 1116 3724 tum
1153 3693 1289 3738 potest.
1321 3685 1467 3738 aliquid
1502 3686 1551 3725 de
1580 3699 1627 3725 eo
1654 3686 1793 3726 sentire
1829 3688 1934 3739 quod

81 3746 158 3783 que
185 3740 333 3781 totum;
370 3735 450 3774 sine
479 3742 649 3789 tempore
678 3739 951 3792 sempiternum
968 3754 979 3787 ;
1037 3753 1114 3778 non
1133 3740 1192 3780 sit.
1238 3740 1339 3790 Aug.
1362 3741 1410 3779 de
1428 3740 1568 3779 Trinit.
1590 3740 1616 3780 l.
1637 3754 1674 3780 v.
1696 3753 1731 3779 c.
1753 3742 1789 3779 l.
