2378 4134
823 885 1487 949 ARGUMENTUM.

1047 1116 1264 1145 -Φ-

920 1299 1102 1341 LIBER
1133 1297 1382 1341 PRIMUS.

232 1403 273 1444 A
295 1401 379 1444 Dei
410 1400 611 1444 laudibus
644 1413 842 1451 exorsus,
865 1399 1022 1442 recolit
1052 1399 1157 1441 vitae
1190 1410 1283 1441 suae
1310 1397 1555 1455 primordia
1576 1398 1632 1440 ad
1654 1410 1821 1440 annum
1844 1397 2068 1440 decimum

295 1474 511 1529 quintum.
574 1473 780 1516 Infantiae
807 1478 993 1529 peccata
1024 1471 1228 1528 agnoscit
1258 1477 1305 1513 et
1335 1470 1572 1527 pueritiae,
1606 1476 1738 1525 atque
1765 1471 1849 1513 hac
1872 1476 2006 1512 aetate
2028 1471 2074 1511 in

293 1546 438 1588 lusum
470 1552 514 1588 et
548 1545 740 1602 puerilia
775 1557 962 1600 quaeque
1002 1544 1344 1595 oblectamenta,
1382 1557 1515 1598 quam
1550 1543 1596 1584 in
1637 1542 1886 1585 litterarum
1930 1543 2077 1585 studia

293 1618 601 1676 procliviorem
625 1632 672 1660 se
692 1617 832 1660 fuisse
853 1617 1101 1660 confitetur.
1978 1630 2022 1671 p.
2052 1614 2069 1657 l

874 1776 1057 1818 LIBER
1091 1775 1436 1819 SECUNDUS.

235 1878 303 1919 Ad
345 1884 523 1920 aetatem
564 1878 696 1919 aliam
738 1877 1036 1934 progreditur,
1073 1876 1354 1933 primumque
1395 1875 1709 1918 adolescentiae
1752 1887 1861 1926 suae,
1904 1875 1949 1917 id
1990 1882 2075 1927 est,

296 1956 472 1992 sextum
496 1950 717 1992 decimum
737 1950 842 1992 vitae
857 1964 1038 2000 annum,
1055 1963 1186 2004 quem
1207 1950 1251 1991 in
1275 1955 1461 2005 paterna
1482 1949 1613 1990 domo
1636 1948 1794 1990 studiis
1808 1948 2076 1990 intermissis

294 2029 629 2079 consumpserat
665 2022 847 2065 arbitrio
880 2022 1062 2079 proprio
1103 2037 1155 2064 ac
1197 2021 1453 2064 libidinibus
1495 2021 1749 2078 indulgens,
1784 2022 1838 2063 ad
1880 2027 2076 2063 mentem

294 2102 471 2137 revocat
493 2110 592 2137 cum
617 2095 742 2151 gravi
773 2095 939 2146 dolore,
962 2095 1007 2136 in
1030 2094 1188 2151 quibus
1221 2095 1417 2137 maxime
1449 2094 1651 2146 miratur,
1675 2108 1722 2136 se
1750 2094 1919 2136 furtum
1942 2096 2078 2150 quod-

295 2168 396 2209 dam
429 2168 569 2224 gratis
604 2174 911 2224 perpetrasse;
961 2169 1077 2223 quod
1107 2174 1276 2219 contra,
1307 2182 1383 2210 cor
1411 2167 1655 2210 humanum
1687 2181 1775 2210 non
1811 2167 1896 2210 nisi
1930 2167 2079 2223 aliqua

296 2240 399 2282 boni
424 2240 571 2296 specie
593 2240 637 2281 in
661 2240 828 2283 malum
851 2240 981 2283 trahi.
2026 2239 2077 2282 18

911 2400 1093 2442 LIBER
1121 2400 1397 2443 TERTIUS.

243 2499 308 2540 De
340 2499 466 2540 annis
499 2500 645 2542 aetatis
676 2500 796 2542 illius
829 2501 1001 2544 decimo
1033 2501 1241 2557 septimo,
1265 2501 1439 2543 decimo
1470 2507 1646 2552 octavo,
1681 2507 1726 2543 et
1757 2501 1930 2544 decimo
1959 2515 2077 2543 nono

299 2573 535 2612 transactis
559 2571 849 2628 Carthagine,
867 2573 943 2615 ubi
961 2574 1066 2615 dum
1081 2574 1325 2615 studiorum
1348 2574 1495 2629 gratia
1515 2574 1888 2625 commorabatur,
1907 2580 2079 2630 specta-

299 2642 410 2684 culis
440 2649 485 2683 et
510 2643 690 2699 flagitiis
720 2644 835 2685 ultro
866 2658 913 2686 se
946 2645 1082 2686 dedit.
1147 2644 1378 2687 Ciceronis
1404 2646 1649 2687 Hortensio
1674 2646 1719 2687 in
1742 2660 1939 2688 amorem
1962 2648 2079 2703 sapi-

299 2715 432 2755 entiae
464 2715 735 2757 accenditur.
799 2717 910 2758 Eam
943 2717 1133 2773 superbe
1163 2730 1384 2772 quaerens,
1416 2718 1462 2758 in
1494 2716 1852 2760 Manichaeorum
1883 2720 2077 2762 haeresin

298 2786 500 2837 incurrit,
523 2801 708 2842 quorum
731 2789 835 2830 dum
859 2789 931 2831 hic
952 2789 1096 2831 obiter
1115 2804 1287 2831 errores
1310 2797 1354 2831 et
1376 2789 1567 2846 ineptias
1590 2791 1802 2847 exagitat,
1820 2792 1873 2833 de
1895 2792 2077 2849 flagitiis

298 2867 343 2900 et
364 2859 650 2910 facinoribus,
673 2869 718 2902 et
739 2863 792 2903 de
815 2862 918 2904 vex-‘a
934 2862 1112 2918 justitia
1130 2863 1309 2905 disserit
1326 2863 1587 2906 luculenter.
1653 2865 1823 2907 Uberes
1846 2880 1897 2908 ac
1921 2880 2078 2922 peren-

297 2945 374 2972 nes
397 2947 476 2988 pro
507 2933 596 2974 filio
632 2933 880 2990 lachrymas
916 2934 1103 2977 fundens
1138 2936 1348 2978 Monnica
1381 2937 1433 2978 de
1466 2935 1614 2978 futura
1640 2937 1735 2993 ejus
1768 2939 2078 2994 resipiscentia

298 3005 458 3046 certior
492 3006 556 3056 fit,
583 3021 608 3047 a
643 3007 738 3047 Deo
773 3007 974 3050 immisso
1010 3009 1202 3059 somnio,
1238 3015 1282 3050 et
1317 3010 1458 3051 sancti
1496 3009 1726 3064 cujusdam
1763 3011 1975 3067 Episcopi
2011 3025 2078 3053 re-

298 3090 473 3131 sponso.
2019 3083 2076 3132 27

892 3239 1074 3282 LIBER
1107 3241 1409 3292 QUARTUS.

243 3334 378 3376 Pudet
400 3349 446 3378 se
469 3338 819 3381 Manichaeorum
843 3345 978 3382 sectae
1000 3340 1227 3383 addictum
1250 3340 1388 3383 fuisse
1413 3354 1490 3397 per
1505 3341 1788 3392 novennium,
1811 3347 1943 3397 atque
1965 3342 2075 3384 alios

301 3419 448 3449 secum
471 3409 515 3449 in
538 3411 743 3452 eumdem
765 3425 958 3453 errorem
985 3419 1138 3468 pei-tra
1159 3413 1249 3455 isse
1267 3431 1280 3463 ;
1328 3420 1424 3454 tum
1447 3413 1583 3455 etiam
1607 3413 1884 3456 consuluisse
1905 3415 2077 3457 mathe-

301 3478 509 3522 maticos:
554 3489 596 3523 et
630 3483 822 3525 amicum
862 3484 946 3525 sibi
979 3485 1150 3527 interea
1183 3491 1326 3526 morte
1363 3493 1654 3540 praereptum,
1692 3486 1911 3528 acerbiori
1943 3501 2076 3542 quam

302 3562 476 3604 aequum
497 3560 614 3594 esset
634 3556 769 3597 animi
792 3556 941 3598 dolore
969 3556 1108 3599 fuisse
1142 3564 1455 3613 prosecutum;
1501 3557 1626 3612 cujus
1650 3557 1872 3614 insignem
1895 3573 2076 3601 conver-

302 3622 470 3664 sionem
494 3634 722 3678 memorat,
741 3634 785 3670 et
808 3629 964 3671 mortis
989 3629 1084 3684 ejus
1107 3629 1356 3680 occasione,
1372 3630 1425 3671 de
1448 3643 1559 3672 vana
1581 3636 1625 3672 et
1648 3630 1701 3672 de
1724 3630 1864 3673 solida
1880 3631 2077 3674 amicitia
