2378 4134
84 0 187 124 ξ,

592 231 1200 290 CONFESSIONUM
1237 227 1481 292 LIBER
1516 230 1586 283 X.
1910 233 2011 282 18⁷

159 386 301 425 rores
324 364 430 422 mei
454 364 583 420 mali
609 382 732 420 cum
759 364 972 433 gaudiis
994 365 1173 430 boniS,
1189 370 1245 417 et
1267 379 1339 416 ex
1359 379 1470 433 qua
1491 367 1644 431 parte
1669 366 1774 413 stet
1791 359 2016 414 victoria

158 455 356 510 nescio.
433 452 546 506 Hei
569 448 734 503 mihi!
778 449 1029 516 Domine,
1053 449 1303 502 miserere
1335 446 1458 500 mei.
1536 445 1649 499 Hei
1682 442 1848 497 mihi!
1889 462 2018 498 ecce

159 541 376 593 vulnera
398 540 518 590 m‘ea
541 554 653 588 non
677 535 980 589 abscondo:
1019 533 1264 588 medicus
1283 551 1359 597 eS,
1377 549 1518 602 aeger
1537 549 1684 596 sum3
1713 530 2019 584 misericors

155 644 236 691 es,
259 625 421 677 miser
446 640 579 676 sum.
646 620 930 691 Numquid
954 638 1065 673 non
1090 620 1321 672 tentatio
1339 625 1419 671 est
1443 619 1560 670 vita
1585 618 1831 669 humana
1854 633 2018 683 super
2029 629 2110 671 Job
2129 630 2170 678 7,

161 719 361 765 terram
381 707 408 760 ‚9
465 708 602 769 Quis
627 706 757 760 velit
780 706 1055 759 molestias
1079 711 1135 758 et
1159 700 1538 758 difficultates?
1594 700 1839 754 Tolerari
1854 699 2019 771 jubes
2033 687 2072 726 ¹·

161 795 273 860 ea’,
298 812 408 846 non
441 793 621 847 amari.
699 793 876 845 Nemo
903 789 1053 862 quod
1077 791 1271 843 tolerat
1293 797 1452 853 amat,
1477 788 1578 841 etsi
1603 789 1832 840 tolerare
1857 793 2018 839 amat.

161 880 416 942 Quamvis
453 879 595 932 enim
635 877 866 946 gaudeat
904 895 961 929 se
999 877 1240 941 tolerare,
1278 876 1483 927 mavult
1525 882 1704 927 tamen
1746 890 1859 925 non
1901 889 2019 924 esse

160 965 305 1036 quod
329 966 531 1018 toleret.
607 964 872 1032 Prospera
894 963 953 1013 in
979 960 1216 1013 adversis
1244 959 1508 1024 desidero,
1535 959 1760 1012 adversa
1784 958 1841 1009 in
1867 975 2019 1027 pros-

158 1051 299 1121 peris
317 1050 491 1102 timeo,
533 1049 670 1109 Quis
695 1048 832 1099 inter
855 1047 974 1098 haec
999 1045 1210 1098 medius
1235 1046 1407 1111 locUS,
1422 1045 1518 1096 ubi
1543 1063 1653 1096 non
1679 1044 1750 1096 sit
1773 1045 2020 1096 humana

157 1138 270 1189 vita
304 1132 614 1187 tentatio'?
675 1133 771 1184 Vae
807 1131 1253 1202 prosperitatibus
1291 1129 1494 1195 saeculi,
1520 1130 1685 1182 semel
1721 1133 1776 1181 et
1807 1129 2020 1193 iterum,

160 1241 192 1276 a
226 1223 413 1276 timore
457 1220 808 1284 adversitatiS,
847 1226 900 1271 et
938 1237 970 1271 a
1009 1218 1349 1287 corruptione
1386 1218 1588 1270 laetitiae
1610 1215 1620 1269 !
1698 1218 1796 1269 Vae
1836 1215 2019 1269 adver-

160 1309 407 1362 sitatibus
441 1308 644 1371 saeculi,
677 1307 839 1358 semel
876 1312 930 1357 et
961 1305 1154 1356 iterum
1192 1310 1247 1355 et
1283 1304 1459 1368 tertiO,
1493 1323 1526 1356 a
1564 1302 1831 1355 desiderio
1869 1320 2020 1371 pros·

159 1391 417 1460 peritatiS,
467 1398 521 1442 et
570 1388 698 1458 quia
747 1388 868 1456 ipsa
917 1386 1209 1439 adversitas
1260 1385 1393 1438 dura
1443 1394 1542 1450 est,
1593 1394 1646 1438 et
1692 1403 1761 1437 ne
1812 1386 2024 1451 frangat

159 1470 554 1528 tolerantiam'!
600 1472 867 1542 numquid
899 1490 1010 1523 non
1047 1473 1278 1524 tentatio
1314 1478 1398 1523 est
1429 1473 1543 1523 vita
1580 1472 1827 1522 humana
1860 1487 2023 1536 super

160 1568 360 1614 terram
390 1561 504 1612 sine
531 1561 641 1611 ullo
668 1557 989 1610 interstitio?

232 1653 317 1699 40.
356 1650 432 1699 Et
456 1655 567 1699 tota
592 1664 716 1715 spes
741 1664 862 1698 mea
887 1664 996 1697 non
1024 1645 1129 1697 nisi
1155 1645 1214 1696 in
1239 1663 1438 1712 magna
1463 1645 1620 1698 valde
1655 1643 2023 1697 misericordia
2050 1665 2212 1705 XXIX.

160 1744 263 1788 tua.
342 1736 430 1787 Da
456 1733 603 1805 quod
619 1734 799 1804 jubeS,
826 1742 880 1785 et
895 1732 1030 1803 jube
1060 1732 1206 1803 quod
1234 1734 1362 1785 visv.
1439 1734 1682 1802 Imperas
1707 1732 1868 1784 nobis
1895 1750 2022 1784 con·
2038 1720 2202 1827 ἒέρξθο

161 1821 454 1873 tinentiam.
514 1822 569 1872 Ε
574 1827 595 1871 t
620 1838 742 1872 cum
770 1821 982 1882 scirem,
1009 1818 1084 1870 ait
1109 1818 1349 1888 quidam,
1378 1820 1510 1888 quia
1536 1837 1691 1872 nemo
1711 1825 1889 1885 potest
1913 1836 2022 1869 esse
2039 1836 2135 1868 tota.

158 1908 437 1958 continens
468 1907 577 1957 nisi
611 1907 762 1956 Deus
796 1905 917 1956 det.-
961 1911 1014 1955 εἰ
1050 1906 1144 1956 hoc
1183 1906 1361 1970 ipsum
1400 1911 1522 1956 erat
1557 1906 1851 1971 sapientiae
1884 1906 2023 1955 scire
2038 1897 2133 1989 {²¹¹9-
2156 1897 2195 1942 8,

159 1992 316 2061 cujus
340 1998 471 2043 esset
499 1993 594 2042 hoc
620 1991 836 2042 domem.
910 1989 1014 2040 Per
1039 1989 1458 2041 continentiamq
1486 1990 1691 2059 quippe
1719 1989 2027 2056 colligimur
2098 1981 2105 1989 ⁶

160 2084 214 2128 et
249 2076 540 2143 redigimur
575 2077 632 2127 in
671 2095 855 2139 unum,
891 2094 923 2128 a
962 2094 1069 2145 quo
1109 2076 1167 2126 in
1205 2077 1374 2128 multa
1414 2076 1758 2128 defluximus.
1836 2076 2026 2127 Minus

160 2161 302 2213 enim
342 2169 393 2213 te
433 2169 574 2213 amat
614 2162 707 2230 qui
746 2168 923 2213 tecum
963 2160 1171 2230 aliquid
1210 2170 1354 2213 amat
1393 2161 1539 2231 quod
1578 2180 1687 2213 non
1725 2168 2023 2231 propterte

162 2255 303 2299 amat
319 2256 347 2298 ‘.
424 2249 470 2299 O
500 2266 647 2299 amor
673 2248 767 2317 qui
794 2265 1004 2315 semper
1038 2247 1191 2299 ardes
1225 2255 1279 2299 et
1312 2266 1591 2317 nimquam
1626 2246 2021 2314 exstingueris!

164 2334 413 2386 Charitas
447 2335 598 2386 Deus
635 2353 806 2399 meuS‚
833 2333 1068 2385 accende
1106 2352 1207 2386 me.
1286 2334 1688 2387 Continentiam
1720 2335 1914 2405 jubes3
1956 2335 2025 2387 da

161 2419 308 2489 quod
324 2419 503 2489 jubeS‚
530 2427 583 2471 et
599 2419 732 2488 jube
761 2418 908 2489 quod
933 2419 1030 2469 vis,

233 2508 317 2555 41.
355 2506 526 2556 Jubes
567 2511 714 2557 certe
755 2513 816 2555 ut
851 2505 1154 2556 contineam
1191 2523 1223 2556 a
1262 2506 1708 2574 concupiscentia
1748 2507 1944 2572 carniS‚
1971 2516 2025 2560 et
2071 2525 2204 2564 xxx.

2040 2580 2216 2619 Confite-

2039 2641 2100 2673 tur
2122 2641 2163 2673 ut
2184 2647 2226 2674 se

216 2738 237 2770 P
268 2735 370 2782 Quae
408 2747 496 2774 mea
529 2735 646 2774 verba
682 2734 869 2788 Pelagius
903 2734 1057 2778 Romae,

160 2801 250 2827 cum
272 2801 295 2827 a
314 2789 484 2841 quodam
507 2787 621 2828 fratre
647 2797 686 2828 et
712 2789 942 2842 coepiscopo
971 2801 1059 2828 meo

161 2841 323 2882 fuissent
341 2857 386 2883 eo
407 2850 593 2896 praesente
621 2850 939 2890 commemorata,
960 2843 1057 2883 ferre

161 2909 239 2936 non
287 2898 425 2950 potuit,
466 2905 505 2936 et
542 2898 811 2937 contradicens
858 2897 1060 2950 aliquanto

162 2953 407 2998 commotius,
427 2965 525 3004 pene
545 2965 634 2991 cum
655 2965 702 2992 eo
722 2953 788 3004 qui
806 2952 874 2991 illa
889 2965 1061 2991 comme-

160 3014 376 3045 moraverat
387 3006 565 3059 litigavit.
596 3007 703 3060 Aug.
717 3007 766 3046 de
783 3006 885 3046 dono
902 3008 1061 3049 Persev.

161 3059 195 3115 §.
219 3062 284 3100 53.

214 3119 235 3150 q
266 3115 358 3154 Duo
394 3122 498 3159 sunt,
530 3129 618 3168 quae
650 3115 690 3154 in
725 3114 799 3154 hac
832 3115 911 3154 vita
934 3115 1058 3155 veluti

160 3167 353 3208 laboriosa
387 3169 500 3209 nobis
534 3169 827 3223 praecipiuntur,
861 3170 1060 3209 continere

160 3230 200 3262 et
234 3223 436 3262 sustinere.
492 3223 687 3263 Jubemur
719 3224 823 3263 enim
862 3224 1060 3263 continere

160 3277 211 3316 ab
231 3277 293 3315 his
307 3290 396 3330 quae
416 3277 456 3316 in
475 3277 550 3316 hoc
570 3277 719 3317 mundo
737 3278 924 3317 dicuntur
940 3279 1061 3324 bona,

161 3338 200 3370 et
216 3331 402 3371 sustinere
421 3344 470 3370 ea
487 3344 575 3383 quae
595 3332 634 3371 in
655 3332 729 3371 hoc
754 3333 903 3371 mundo
933 3333 1060 3371 abun-

160 3385 257 3424 dant
284 3385 410 3424 mala?
461 3386 541 3424 Illa
568 3386 822 3435 continentia,
851 3386 923 3426 ista
949 3386 1062 3426 susti·

163 3438 295 3478 nentia
311 3445 486 3479 vocatur.
542 3441 646 3479 Duae
665 3440 825 3480 virtutes
842 3454 931 3493 quae
947 3454 1061 3479 mun-

163 3493 259 3531 dant
276 3492 462 3539 animam,
482 3500 522 3532 et
540 3507 727 3548 capacem
747 3494 897 3535 faciunt
919 3494 1060 3533 divini-

163 3546 263 3585 tatis.
322 3547 371 3585 ln
399 3547 595 3586 frenandis
624 3548 854 3589 libidinibus
882 3556 920 3588 et
947 3555 1056 3588 coer--

162 3601 296 3640 cendis
313 3600 588 3653 voluptatibus,
601 3615 650 3641 ne
667 3603 827 3643 seducat
838 3603 942 3657 quod
957 3604 1058 3644 male

163 3654 379 3700 blanditur,
415 3662 455 3693 et
489 3662 646 3695 enervet
688 3658 793 3708 quod
832 3671 1058 3712 prosperum

163 3708 320 3755 dicitur,
342 3708 578 3749 continentia
598 3709 708 3750 nobis
736 3724 835 3765 opus
866 3719 947 3752 est:
981 3726 1059 3752 non

1115 2735 1271 2775 credere
1308 2734 1484 2775 felicitati
1521 2743 1703 2782 terrenae,
1734 2742 1774 2776 et
1810 2749 1935 2789 usque
1970 2737 2022 2776 ad

1114 2788 1230 2828 finem
1252 2803 1428 2843 quaerere
1446 2790 1687 2835 felicitatem.
1699 2803 1788 2843 quae
1808 2804 1885 2830 non
1902 2790 2024 2831 habet

1113 2842 1244 2883 finem.
1304 2845 1359 2884 Ut
1388 2851 1519 2885 autem
1547 2852 1606 2885 est
1629 2845 1883 2892 continentia,
1902 2845 2022 2885 felici-

1118 2898 1187 2937 tati
1214 2899 1349 2937 mundi
1380 2913 1457 2938 non
1485 2901 1665 2939 credere:
1704 2899 1756 2939 ita
1787 2900 2022 2939 sustinentiae

1116 2962 1190 2998 est,
1211 2953 1430 2992 infelicitati
1449 2955 1585 2993 mundi
1606 2967 1684 2994 non
1705 2955 1856 2994 cedere.
1914 2955 2020 3007 Aug.

1123 3006 1247 3046 Serm.
1269 3010 1337 3047 38.
1356 3007 1442 3048 init.

1174 3067 1188 3088 ¹·
1220 3063 1312 3101 Non
1342 3075 1418 3114 quo
1451 3076 1527 3102 non
1548 3063 1597 3102 sit
1614 3063 1786 3102 amanda
1814 3070 2020 3111 creatura3

1114 3117 1181 3155 sed
1206 3116 1238 3155 si
1273 3117 1323 3155 ad
1352 3117 1575 3156 Creatorem
1608 3117 1770 3156 refertur
1801 3117 1868 3156 ille
1898 3130 2022 3161 amor,

1117 3183 1195 3209 non
1210 3171 1295 3224 jam
1314 3171 1525 3223 cupiditas,
1540 3171 1608 3210 sed
1626 3171 1765 3210 caritas
1781 3172 1867 3210 erit.
1906 3172 2020 3210 Tunc

1115 3224 1220 3264 enim
1239 3233 1298 3264 est
1311 3225 1515 3277 cupiditas,
1532 3238 1623 3264 cum
1644 3232 1802 3278 propter
1816 3237 1857 3264 se
1868 3232 2023 3264 amatur

1116 3285 1310 3318 creatura.
1344 3279 1701 3331 Aug.deTrin.iX.
1720 3280 1756 3330 ᾗ.
1775 3280 1842 3318 13.
1888 3279 2023 3318 Habet

1115 3333 1232 3385 igitur
1251 3333 1308 3371 vir
1324 3339 1546 3386 temperans
1560 3333 1599 3371 in
1614 3331 1890 3386 hujuscemodi
1906 3333 2022 3373 rebus

1116 3387 1347 3426 mortalibus
1382 3394 1423 3426 et
1451 3387 1681 3433 fluentibus,
1718 3386 1806 3426 vitae
1842 3387 2020 3439 regulam

1117 3448 1283 3494 utroque
1313 3448 1543 3481 testamento
1571 3441 1788 3488 firmatam3
1823 3448 2020 3481 uteorum

1119 3494 1214 3534 nihil
1250 3494 1399 3546 diligat,
1439 3495 1533 3534 nihil
1571 3509 1639 3548 per
1677 3508 1718 3535 se
1754 3497 2019 3549 appetendum

1115 3555 1240 3602 putet,
1258 3548 1326 3588 sed
1345 3550 1394 3589 ad
1414 3549 1502 3589 vitae
1521 3549 1640 3603 hujus
1660 3557 1778 3603 atque
1804 3551 2020 3591 officiorum

1115 3602 1382 3643 necessitatem
1423 3611 1615 3655 quantum
1651 3612 1712 3643 sat
1747 3611 1805 3644 est
1843 3613 2017 3659 usurpet,

1115 3657 1258 3697 utentis
1294 3658 1499 3703 modestia,
1536 3671 1615 3699 non
1653 3659 1822 3699 amantis
1859 3660 2019 3702 affectu.

1115 3712 1221 3766 Aug.
1245 3712 1294 3752 de
1314 3725 1410 3752 mor.
1436 3712 1549 3752 Eccl.
1570 3713 1692 3754 Cath.
1714 3715 1747 3766 ς.
1769 3715 1833 3754 39.
