2378 4134
2303 147 2378 191 Ὺ,

429 205 536 255 ⁴238
865 199 879 225 ³
905 207 961 259 S.
1003 203 1444 262 AUGUSTINI
1485 165 1843 264 EPIscoPi
2297 179 2325 287 3
2357 259 2360 264 .

425 334 723 402 mentium‚'
755 338 999 393 ostendis
1041 359 1227 394 verum
1271 360 1409 407 esse,
1450 342 1666 396 etiamsi
1708 361 1822 396 non
1866 343 1971 396 hoc
1998 360 2002 365 ·’
2019 341 2188 396 sensit
2227 310 2322 406 ill}
2352 329 2359 339 ⁶

427 441 591 495 quem
616 425 786 494 legit3
826 446 953 481 cum
979 435 1035 481 et
1059 429 1153 481 ille
1180 446 1385 498 verum,
1410 448 1513 484 nec
1539 438 1723 484 tamen
1749 431 1858 485 hoc
1885 429 2155 484 senserit?
2293 431 2318 476 *l

501 513 589 563 28.
630 513 834 565 Verum
874 521 958 567 est
984 515 1149 579 enim,
1177 515 1437 580 Domine,
1466 515 1661 570 fecisse
1701 525 1754 571 te
1793 519 1995 570 coelum
2021 526 2076 571 et
2099 517 2318 587 terram&
2356 516 2357 519 ’

426 603 482 649 θῖ
505 616 692 651 verum
720 607 804 653 est
827 618 947 653 esse
978 601 1322 671 Principium
1350 602 1702 671 Sapientiam
1741 610 1893 657 tuam
1918 606 1979 656 in
2006 593 2323 674 quasecisss

423 686 627 738 munia.
705 687 847 739 Item
890 705 1078 740 verum
1119 694 1220 752 est,
1260 687 1411 758 quod
1453 689 1693 743 mundus
1735 691 1839 745 iste
1882 691 2116 743 visibilis
2157 682 2322 749 habet

395 782 651 843 'magnas
701 781 883 844 partes
935 793 1062 828 suas
1115 777 1318 829 coelum
1369 785 1423 830 et
1474 785 1687 844 terram,
1736 780 1888 832 brevi
1941 779 2320 849 complexione

421 861 686 914 factarum
713 861 962 913 omnium
995 861 1450 934 conditarumque
1483 873 1813 919 naturarum.
1892 867 1971 920 Et
2002 885 2189 919 verum
2222 875 2319 935 est,

422 946 574 1017 quod
599 966 760 1000 omne
793 949 1059 1001 mutabile
1097 949 1343 1003 insinuat
1366 951 1576 1005 notitiae
1613 960 1813 1006 nostrae
1841 953 2135 1024 quamdam
2158 954 2320 1007 infor-

417 1034 684 1102 mitatem,
739 1055 849 1107 qua
898 1037 1128 1090 formam
1181 1039 1348 1109 capit,
1398 1042 1485 1093 vel
1538 1060 1648 1112 qua
1695 1048 1937 1094 mutatur
1987 1049 2041 1094 et
2084 1042 2318 1096 vertitur.
2359 1039 2363 1092 j

418 1122 623 1173 Verum
668 1131 768 1188 est,
814 1125 968 1177 nulla
1006 1134 1253 1194 tempora
1292 1127 1504 1198 perpeti
1553 1127 1702 1199 quod
1742 1129 1821 1180 ita
1861 1128 2099 1181 cohaeret
2138 1128 2318 1182 formae

416 1210 878 1273 incommutabili,
897 1220 958 1264 ut
987 1215 1236 1283 quamvis
1265 1215 1335 1267 sit
1354 1216 1637 1279 mutabile,
1657 1235 1768 1268 non
1786 1223 2040 1269 mutetur.
2117 1217 2319 1269 Verum

419 1302 520 1362 θεῖ,
571 1297 978 1365 informitatem,
1031 1317 1153 1369 quae
1206 1304 1419 1371 prope*
1477 1302 1618 1354 nihil
1669 1309 1768 1368 est,
1818 1303 1968 1356 vices
2018 1312 2320 1372 temporum

417 1383 622 1436 habere
649 1403 762 1436 non
797 1403 978 1455 posse.
1058 1389 1262 1440 Verum
1299 1397 1399 1454 est,
1428 1389 1577 1460 quod
1614 1389 1759 1442 unde
1786 1390 1850 1442 fit
1884 1390 2113 1461 aliquid,
2139 1398 2320 1460 potest

419 1472 661 1542 quodam
703 1493 898 1542 genere
932 1477 1228 1531 locutionis
1263 1480 1468 1532 habere
1505 1478 1624 1550 jam
1668 1497 1867 1532 nomen
1915 1478 2031 1550 ejus
2074 1479 2152 1531 rei
2199 1498 2318 1550 quae

416 1561 546 1614 inde
583 1562 671 1627 fit3
712 1562 859 1616 uude
885 1565 1068 1633 potuit
1101 1567 1285 1619 vocari
1312 1568 1512 1619 coelum
1549 1576 1602 1618 et
1628 1575 1768 1620 terra
1796 1568 2057 1637 quaelibet
2081 1566 2317 1619 informi-

416 1656 501 1702 tas
543 1650 690 1702 unde
724 1650 931 1703 factum
976 1661 1060 1704 est
1106 1654 1308 1705 coelum
1348 1661 1402 1706 et
1447 1662 1601 1707 terra.
1679 1655 1883 1707 Verum
1930 1661 2031 1718 est,
2078 1653 2318 1707 omnium
2356 1681 2359 1702 ;

415 1738 767 1791 formatorum
794 1740 935 1792 nihil
962 1759 1080 1793 esse
1119 1742 1336 1794 informi
1363 1743 1599 1796 vicinius
1636 1763 1800 1814 quam
1836 1752 2031 1796 terram
2071 1750 2125 1796 et
2162 1745 2317 1815 abys-

417 1843 555 1877 sum.
634 1827 838 1878 Verum
878 1836 977 1892 est,
1006 1828 1155 1899 quod
1185 1848 1299 1881 non
1336 1831 1512 1882 solum
1540 1839 1780 1883 creatum
1812 1838 1974 1899 atque
2013 1830 2319 1898 formatum,

417 1912 515 1965 sed
542 1914 705 1966 etiam
736 1915 1011 1986 quidquid
1040 1918 1274 1971 creabile
1305 1926 1469 1989 atque
1507 1919 1792 1972 formabile
1821 1926 1919 1982 θεῖ,
1948 1926 2009 1971 tu
2034 1918 2212 1972 fecisti
2247 1940 2317 1974 ex

417 2020 527 2072 quo
556 2012 683 2055 sunt
708 2004 907 2055 omnia.
981 2006 1184 2057 Verum
1210 2013 1311 2070 est,
1341 2025 1500 2058 omne
1529 2006 1678 2076 quod
1705 2026 1775 2059 ex
1802 2006 2018 2059 informi
2044 2006 2318 2072 formatur,

415 2090 568 2159 prius
598 2109 716 2143 esse
743 2090 991 2155 informe,
1021 2091 1220 2145 deinde
1247 2093 1554 2146 formatum.

255 2182 350 2247 XX..
490 2180 576 2228 29.
618 2178 713 2229 Ex
740 2176 828 2228 his
857 2178 1112 2230 omnibus
1147 2179 1304 2240 veriS,
1334 2179 1400 2231 de
1439 2180 1640 2248 quibus
1667 2198 1777 2231 non
1810 2180 2064 2234 dubitant
2090 2198 2318 2251 quorum

207 2238 396 2346 ἔῇζῗξζ,
414 2261 657 2314 interiori
693 2264 853 2315 oculo
893 2264 1025 2316 talia
1060 2264 1242 2318 videre
1281 2266 1515 2331 donasti,
1555 2275 1608 2320 ct
1645 2267 1740 2336 qui
1776 2269 2015 2337 Moysen
2055 2270 2319 2321 famulum

203 2353 290 2411 avit,
308 2351 381 2411 &9-
415 2356 570 2401 tuum
598 2350 656 2401 in
684 2350 892 2419 Spiritu
912 2351 1156 2403 veritatis
1175 2352 1421 2405 locutum
1449 2371 1566 2406 esse
1583 2354 1934 2407 immobiliter
1953 2356 2205 2420 credunt3
2247 2376 2319 2410 ex

208 2417 396 2499 {gazin
414 2436 503 2488 his
530 2454 658 2504 ergo
687 2437 944 2490 omnibus
973 2438 1123 2490 aliud
1151 2439 1257 2491 sibi
1284 2440 1428 2492 tollit
1454 2441 1550 2510 qui
1579 2441 1736 2494 dicit:
1782 2443 1856 2494 In
1872 2446 2317 2514 principiofecit

208 2523 311 2559 tum.
415 2526 571 2578 Deus
606 2528 798 2579 coelum
834 2533 889 2579 et
925 2534 1153 2593 terram,
1190 2529 1249 2581 id
1276 2537 1376 2595 est,
1405 2531 1437 2556 ‘⁶
1469 2531 1536 2582 In
1564 2532 1746 2583 Verbo
1780 2550 1879 2583 suo
1915 2533 2020 2585 sibi
2048 2542 2316 2586 coaetemo

413 2613 544 2666 fecit
594 2614 750 2666 Deus
803 2615 1208 2683 intelligibilem
1262 2624 1427 2687 atque
1470 2618 1804 2683 sensibilem,
1851 2621 1936 2672 vel
1982 2621 2316 2690 spiritualem

416 2702 865 2773 corporalemque
907 2705 1261 2756 creaturam.”
1362 2705 1530 2757 Aliud
1571 2706 1666 2774 qui
1707 2706 1872 2759 dicit:
1930 2708 2002 2759 In
2030 2710 2316 2776 principio

395 2789 547 2856 fecit
593 2790 749 2841 Deus
793 2792 986 2842 coelzcm
1039 2797 1093 2842 et
1136 2798 1362 2857 terram,
1405 2791 1463 2843 id
1509 2801 1607 2858 est,
1648 2795 1680 2820 ‘⁶
1710 2794 1779 2845 In
1826 2795 2008 2846 Verbo
2060 2814 2159 2847 suo
2212 2795 2316 2848 sibi

415 2883 687 2928 coaeterno
716 2877 845 2929 fecit
880 2878 1032 2930 Deus
1070 2878 1379 2931 universam
1418 2880 1579 2932 istam
1617 2881 1817 2933 molem
1849 2882 2097 2951 corporei
2127 2881 2316 2935 mundi

413 2962 599 3032 hujUS‚
620 2982 746 3014 cum
767 2964 1022 3016 omnibus
1044 2981 1179 3034 quas
1200 2966 1446 3018 continet
1462 2967 1766 3019 manifestis
1785 2969 2039 3037 notisque
2058 2969 2316 3021 naturis.”
2366 3027 2371 3034 p

414 3047 585 3101 Aliud
611 3049 707 3118 qui
734 3048 893 3101 dicit:
937 3051 1012 3101 In
1041 3053 1486 3121 principiofec‘it
1512 3055 1668 3106 Deus
1701 3056 1894 3107 coelum
1922 3062 1976 3107 et
2005 3063 2231 3120 terram,
2258 3054 2317 3108 id
2365 3035 2372 3205 1

248 514 373 556 XIX.

219 572 324 619 Quae
346 570 393 611 li·

215 625 340 679 quido

217 693 326 724 vera.

217 749 289 789 Ps.
313 749 391 790 103

214 805 284 846 24.

416 3143 516 3199 est,
552 3137 585 3162 ‘⁶
616 3138 686 3188 In
717 3137 902 3188 Verbo
934 3154 1031 3189 suo
1069 3136 1175 3189 sibi
1215 3145 1485 3191 coaeterno
1521 3139 1652 3192 fecit
1686 3141 1842 3194 Deus
1875 3142 2159 3195 informem
2200 3161 2311 3195 ma-

415 3223 607 3275 teriam
624 3230 640 3249 '¹
661 3230 922 3276 creaturae
941 3223 1238 3293 spiritualis
1265 3232 1319 3277 et
1335 3226 1683 3295 corporaliS.''
1733 3228 1902 3280 Aliud
1921 3229 2016 3298 qui
2037 3229 2194 3282 dicit:
2239 3231 2312 3282 In
2367 3263 2371 3274 ,

470 3366 492 3388 ²¹
522 3369 550 3387 ·‘
574 3361 793 3402 Materiei⁰
823 3359 984 3402 nomine
1003 3361 1195 3416 ‘designat
1233 3363 1337 3416 Aug.
1398 3365 1464 3404 15.
1491 3366 1558 3404 21.
1581 3366 1635 3406 25
1653 3366 1727 3405 sub
1749 3366 1819 3407 fin.
1837 3367 1891 3407 33
1911 3368 1984 3408 sub
2003 3367 2098 3418 fin.)
2117 3369 2238 3416 unde,
2262 3380 2311 3407 ne

413 3417 619 3472 quicquid,
662 3418 701 3457 in
738 3423 764 3440 “
789 3417 981 3457 creaturis
1018 3417 1337 3471 spiritualibus,'’
1394 3432 1625 3474 corporeum
1648 3422 1838 3473 quiddam
1858 3432 1985 3472 sonet,
2000 3423 2041 3463 id
2057 3423 2155 3464 alibi
2173 3422 2311 3478 appel-

412 3472 690 3527 incorporeum
711 3472 820 3517 licet,
836 3487 916 3512 non
936 3480 994 3513 est
1014 3474 1142 3522 Deus,
1163 3476 1230 3514 sed
1256 3473 1338 3514 Dei

413 3528 632 3582 opificium,
648 3537 694 3568 ut
709 3528 840 3568 verbis
857 3529 970 3569 Dub.
993 3535 1096 3576 utar,
1116 3535 1145 3553 ‘⁸
1162 3530 1339 3582 Ipsamet

413 3592 595 3624 creatura
625 3583 755 3637 qualis
780 3590 882 3624 esset
902 3583 936 3624 si
956 3597 1036 3624 non
1067 3590 1217 3625 aeterna
1246 3585 1339 3626 luce

413 3638 732 3692 perfunderetur,
744 3646 783 3679 et
800 3640 890 3679 Deo
910 3638 1120 3680 inhaereret
1137 3647 1247 3680 casto
1264 3640 1337 3680 illo

413 3700 454 3733 et
472 3693 722 3735 indeficiente
751 3707 886 3734 amore
906 3707 987 3748 quo
1008 3694 1202 3735 naturalis
1230 3695 1338 3736 illius

414 3749 661 3791 mutabilitas
699 3749 934 3790 cohibetur''
973 3750 1091 3803 (coll.
1127 3751 1162 3802 §.
1192 3751 1233 3790 9.
1273 3753 1334 3791 12.

1394 3474 1452 3514 lat
1486 3478 1695 3529 (monente
1727 3478 1919 3527 Martia.)
1951 3486 1978 3502 “
2000 3480 2202 3534 quandam
2241 3491 2310 3533 pro

1393 3544 1465 3570 suo
1494 3544 1638 3586 genere
1656 3533 1911 3582 materiam‚”
1932 3539 1959 3558 “
1983 3534 2167 3589 spiritalis
2185 3541 2310 3573 mate·
2367 3537 2371 3550 ⁴

1395 3585 1484 3633 ries,
1518 3585 1549 3627 si
1589 3586 1665 3626 fuit
1705 3587 1804 3636 ulla,
1846 3590 1949 3630 unde
1986 3590 2122 3630 anima
2160 3587 2311 3633 fieret‚''

1395 3645 1421 3663 ‘⁸
1441 3641 1554 3694 quasi
1575 3642 1804 3691 materies,''
1818 3644 1868 3684 de
1886 3646 1993 3686 Gen.
2008 3644 2060 3685 ad
2079 3644 2172 3685 Litt.
2193 3644 2221 3683 1.
2235 3642 2309 3684 .νίἰ.

1394 3697 1428 3748 §.
1453 3697 1495 3737 9.
1523 3698 1587 3739 10.
1631 3701 1658 3719 “
1689 3697 1803 3739 Sicut
1820 3712 1912 3740 caro
1931 3699 2072 3740 habuit
2090 3697 2308 3744 materiem,

1391 3750 1428 3792 id
1458 3758 1517 3793 est
1545 3759 1703 3802 terram,
1730 3754 1779 3795 de
1809 3768 1889 3808 qua
1923 3755 2047 3802 fieret,
2078 3762 2120 3795 ut
2147 3753 2308 3797 omnino
