2378 4134
288 167 391 211 312

297 296 489 337 Caritatis
519 297 794 339 sublevatione
824 306 863 340 et
887 301 1036 356 Spiritu
1065 303 1214 342 sancti-

353 350 449 393 tatis
494 360 702 407 emergunt
748 353 943 403 homines,
980 365 1215 409 merguntur

352 408 530 462 pondere
548 408 781 464 cupiditatis
799 417 839 451 et
866 411 1032 452 terrenis
1061 411 1215 454 affecti·

353 463 444 510 bus,
461 463 557 505 253.
596 464 663 504 Ad
682 465 891 507 caritatem
913 468 1112 522 pertinent
1129 481 1214 509 om-

354 517 421 558 nia
440 532 531 571 quae
550 520 705 574 scripsit
725 522 905 574 Moyses,
925 525 1024 563 243.

298 572 682 628 Carthaginensium
699 576 942 619 scholarium
966 580 1076 620 soeda
1095 586 1136 619 et
1154 579 1214 618 111-

354 634 584 684 temperans
603 632 778 679 licentia,
799 633 867 675 71.

297 688 324 706 “
361 685 680 732 Cassiciacurn,”
725 689 813 728 Rus
852 689 1099 735 Verecundi.
1146 689 1217 730 ubi

353 742 524 795 parabat
545 755 586 782 se
606 742 863 795 Augustinus
890 745 943 786 ad
971 746 1215 800 baptismum

355 797 674 853 suscipiendum,
700 801 794 839 148.

299 852 478 893 Castitas
497 862 558 893 est
581 853 661 893 Dei
682 854 850 903 donum,
866 855 934 895 98.
958 855 1107 897 Castus
1125 855 1215 896 dor-

356 909 516 948 mientis
537 907 719 958 affectus,
744 911 837 950 189.

298 964 608 1012 Catechumeni,
631 965 672 1010 9,
695 978 736 1006 n.
755 967 826 1014 20,
849 967 918 1015 81,
948 967 1018 1013 49,
1050 980 1092 1007 11.
1122 968 1214 1016 128,

356 1021 450 1066 150,
477 1022 567 1065 154,
589 1027 630 1060 01
650 1034 691 1061 11.
713 1023 792 1063 810.

302 1074 531 1125 Categoriae
552 1075 692 1117 decem
709 1075 949 1123 Aristotelis,
970 1077 1038 1116 60.

300 1129 481 1170 Catilina
504 1131 610 1172 haud
633 1133 755 1186 gratis
773 1132 919 1178 malus,
941 1133 1010 1172 23.

299 1186 511 1228 Certitudo
541 1201 621 1227 non
650 1189 791 1229 eadem
823 1189 865 1228 in
894 1188 1081 1228 omnibus
1107 1200 1217 1240 quae-

354 1244 479 1283 renda
496 1250 571 1292 est,
588 1244 656 1284 87.

299 1297 491 1340 Caum-1
521 1313 683 1349 nomen,
714 1298 942 1354 Augustino
971 1299 1022 1339 ab
1052 1296 1222 1339 infantia

352 1353 538 1404 inditum,
562 1368 684 1410 quam
706 1355 887 1396 salutare
904 1355 1040 1402 fuerit,
1060 1355 1130 1403 81,
1150 1355 1219 1402 31,

299 1466 490 1506 Cnnrsrr
505 1465 555 1505 de
569 1465 744 1506 adventu
761 1466 801 1506 in
818 1479 939 1506 carne
957 1467 1007 1505 ad
1025 1478 1110 1510 nos,
1131 1466 1223 1506 119.

300 1522 367 1561 Cn
379 1535 527 1563 msros
537 1535 654 1562 verax
669 1529 729 1562 est
739 1520 1122 1567 mediator,mortal'1s
1130 1534 1222 1560 cum

351 1577 595 1624 hominibus,
611 1578 744 1631 justus
770 1592 861 1618 cum
886 1578 992 1625 Deo,
1013 1579 1111 1617 202.
1165 1578 1213 1616 In

350 1642 548 1687 quantum
580 1633 711 1680 bomo,
733 1634 773 1673 in
804 1641 961 1673 tantum
991 1632 1213 1681 mediator3

351 1689 393 1729 in
423 1697 620 1743 quantum
652 1698 784 1730 autem
807 1690 1004 1738 Verbum,
1024 1702 1103 1728 non
1134 1701 1216 1727 me-

352 1745 458 1790 dius,
479 1745 575 1798 quia
608 1745 778 1798 aequalis
800 1745 909 1794 Deo,
929 1746 983 1785 11).
1035 1744 1218 1784 Christus

354 1802 473 1841 unica
506 1801 557 1840 ad
589 1801 760 1841 salutem
788 1801 866 1846 via,
894 1801 988 1841 119.
1043 1799 1218 1852 Sanguis

352 1857 439 1910 ejus
460 1861 633 1911 pretium
657 1865 833 1896 nostrum
853 1856 960 1910 quod
990 1855 1156 1895 bibebat
1178 1863 1220 1895 et

354 1913 547 1966 erogabat
576 1915 686 1965 Aug.
720 1914 817 1952 203.
878 1914 976 1953 Non
1006 1911 1153 1964 aliquis
1181 1912 1219 1952 ei

353 1969 539 2009 refundet
550 1968 802 2009 innocentem
815 1968 1070 2022 sanguinem,
1082 1980 1162 2007 non
1182 1968 1219 2007 ei

353 2025 533 2064 restituet
554 2025 740 2078 pretium,
757 2038 836 2078 quo
859 2038 931 2064 nos
951 2024 1063 2071 emit,
1084 2030 1129 2063 ut
1149 2036 1221 2062 nos

355 2080 510 2120 auferat
530 2081 586 2125 ei,
611 2082 705 2121 167.

300 2136 527 2177 Cumsws
567 2138 690 2176 victor
718 2142 758 2175 et
787 2138 954 2183 victima,
983 2136 1152 2174 sacerdos
1179 2141 1219 2174 et

353 2194 602 2245 sacrificium,
620 2193 717 2232 203.
748 2193 811 2230 Ex
830 2191 947 2231 altari
967 2190 1220 2244 dispensatur

354 2248 518 2288 victima
532 2254 686 2292 sancta.
703 2260 783 2300 qua
801 2246 975 2286 deletum
993 2254 1054 2285 est
1067 2253 1076 2269 ‘
1091 2246 1217 2284 chio-0-

351 2305 545 2356 graphum
577 2306 674 2356 quod
703 2311 786 2343 erat
816 2304 1055 2342 contrarium
1086 2301 1218 2347 nobis,’

302 2415 528 2456 camsi-us
562 2427 653 2452 vere
698 2411 896 2464 Magister
942 2413 1085 2459 bonus,
1124 2412 1222 2463 quia

358 2471 489 2517 Deus,
503 2470 600 2509 210.
633 2470 813 2509 Verbum
832 2468 913 2508 Dei
930 2482 1068 2523 parum
1087 2475 1173 2507 erat
1189 2467 1222 2507 si

356 2526 560 2579 loquendo
590 2526 838 2580 praeciperet,
859 2524 936 2564 nisi
967 2530 1004 2564 et
1035 2524 1222 2564 faciendo

358 2583 532 2636 praeiret,
559 2582 650 2621 170.

306 2638 531 2679 Cunisrus
561 2636 692 2682 dictis,
723 2635 854 2681 factis,
872 2642 1011 2678 morte,
1031 2633 1129 2681 vita,
1151 2633 1221 2673 de-

356 2707 516 2740 scensu,
539 2693 756 2739 adscensu,
777 2692 927 2731 clamat
949 2698 991 2729 ut
1012 2691 1223 2730 redeamus

358 2752 410 2788 ad
429 2763 510 2797 cor,
531 2755 571 2788 et
586 2747 841 2788 inveniamus
862 2760 969 2793 eum,
992 2747 1059 2786 56.
1101 2744 1221 2784 Infir-

358 2805 477 2845 mitas
490 2803 639 2844 Christi
654 2803 844 2855 magistra
863 2801 1115 2847 humilitatis,
1126 2803 1142 2840 1
1155 2802 1219 2847 19,

359 2862 456 2901 202.
501 2859 672 2913 Antiqui
695 2860 822 2899 sancti
844 2871 914 2912 per
934 2859 1054 2897 fidem
1078 2857 1220 2896 futurae

359 2915 556 2970 passionis
578 2915 726 2955 Christi
747 2914 850 2954 salvi
871 2913 966 2953 facti
987 2920 1096 2959 sunt,
1117 2913 1170 2952 11).

304 2971 524 3012 Christiani
555 2971 803 3024 temporibus
823 2969 981 3010 Juliani
1002 2969 1090 3019 lege
1120 2969 1218 3008 data

358 3026 547 3082 prohibiti
582 3033 675 3064 sunt
704 3025 849 3065 docere
876 3024 1142 3064 litteraturam
1178 3030 1218 3062 et

357 3082 587 3126 oratoriam,
611 3083 700 3121 132.

304 3139 498 3180 Ciborum
546 3136 765 3177 necessitas
811 3133 1022 3174 calamitas
1060 3139 1134 3178 est,
1179 3138 1220 3171 et

361 3194 520 3234 deliciae
540 3199 750 3237 vocantur,
778 3191 870 3230 189.
920 3189 1128 3228 Alimenta
1155 3201 1220 3227 su-

359 3250 509 3289 menda
559 3255 765 3302 tamquam
815 3245 1125 3289 medicamenta,
1165 3243 1221 3282 ib.

361 3307 482 3354 Quod
534 3304 652 3345 saluti
700 3302 798 3343 satis
847 3308 908 3341 est
960 3298 1218 3340 delectationi

359 3374 502 3416 parum
543 3367 616 3406 est,
655 3359 711 3398 11).
778 3359 829 3397 In
873 3356 964 3396 cibo
1009 3355 1219 3395 insidiatur

358 3417 530 3470 laqueus
568 3411 916 3468 concupiscentiae,
958 3418 998 3451 et
1036 3410 1220 3464 adjungit

358 3485 460 3522 sese,
479 3479 685 3525 tamquam
717 3469 972 3523 pedissequa,
997 3466 1220 3521 periculosa

353 3526 603 3580 jucunditas,
625 3526 680 3566 ib.
724 3525 904 3576 Magnus
923 3523 990 3563 ille
1009 3530 1068 3562 est
1087 3521 1156 3575 qui
1178 3520 1219 3561 in

358 3583 449 3623 cibo
479 3596 558 3622 non
595 3581 748 3635 rapitur
777 3578 1074 3632 aliquantulum
1103 3583 1218 3617 extra

358 3645 488 3678 metas
520 3635 784 3682 necessitatis,
811 3636 904 3675 191.
943 3635 1010 3674 De
1037 3633 1218 3673 ciborum

359 3693 604 3733 abstinentia
660 3705 740 3731 non
797 3689 1066 3742 gloriandum,
1122 3689 1217 3728 190.

316 3780 320 3785 .
358 3748 455 3788 Non
474 3747 731 3788 immunditia
749 3745 903 3786 obsonii
931 3744 1125 3790 timenda,
1145 3742 1218 3784 sed

356 3803 606 3860 cupiditatis,
645 3804 738 3844 191.
795 3801 888 3843 Noe
928 3813 1046 3842 omne
1085 3798 1218 3840 carnis

1094 162 1376 215 INDEX.

1325 312 1467 354 genus,
1488 303 1597 356 quod
1625 303 1717 344 cibo
1742 311 1848 346 esset
1877 308 1984 357 usui,
2020 309 2191 351 mandu-

1326 368 1420 398 care
1450 358 1700 412 permissum,
1722 357 1778 401 ib.
1818 361 1844 403 J
1849 373 2001 404 oannes
2028 362 2196 406 locustis

1326 409 1369 451 in
1394 424 1526 454 escam
1546 415 1784 456 cedentibus
1803 430 1883 457 non
1902 417 1980 459 tuit
2000 418 2195 474 pollutus,

1326 464 1385 506 ib.
1445 467 1541 509 Cibi
1587 482 1667 510 non
1714 471 1918 526 polluunt,
1956 473 2013 514 ib.
2069 474 2196 516 Cibus

1328 522 1565 577 AEgyptiu5‚
1614 527 1709 575 114,
1757 527 1814 568 11).
1859 575 1861 577 ,
1883 528 2058 570 Animus
2104 529 2196 572 inde

1328 579 1503 631 pascitur
1522 581 1629 621 unde
1650 581 1825 630 laetatur,
1846 584 1946 623 274.

1274 631 1481 674 Ciceronis
1542 636 1722 690 linguam
1785 652 1925 678 omnes
1981 637 2194 689 mirantur,

1330 695 1470 741 pectus
1491 703 1571 731 non
1599 693 1673 739 ita,
1696 694 1763 733 30.
1815 694 2058 735 Hortensius
2078 695 2197 736 Cice-

1330 743 1453 790 ronis.
1479 744 1534 786 ib.
1592 748 1803 789 Judicium
1833 750 1922 805 ejus
1949 750 2001 790 de
2035 749 2197 791 Homeri

1330 798 1544 852 figmentiS‚
1566 802 1708 856 (Tusc.
1731 805 1849 860 Disp.
1870 806 1898 845 i.
1922 819 1959 845 c.
1978 803 2072 857 26.)
2102 807 2163 846 13.

1276 853 1457 906 Cogitari
1486 859 1644 911 proprie
1674 859 1819 900 dicitur
1850 861 1959 914 quod
1987 861 2030 900 in
2061 862 2195 901 animo

1329 909 1546 963 colligitur,
1567 913 1608 954 id
1628 921 1690 954 est
1705 917 1878 968 cogitur,
1902 917 1995 957 176.

1275 964 1463 1017 Cognitio
1486 967 1582 1008 Dei.
1642 968 1771 1011 Sensu
1801 984 1988 1026 corporeo
2023 985 2100 1011 non
2128 985 2196 1012 co-

1328 1021 1546 1083 gnoscitur,
1562 1025 1652 1065 173.
1690 1026 1786 1066 Νο11
1801 1026 2002 1067 invenitur
2018 1040 2043 1066 a
2061 1041 2200 1082 super-

1332 1077 1393 1115 b1s
1426 1077 1547 1117 etiam
1582 1079 1727 1127 doctis,
1761 1083 1830 1128 65,
1860 1083 1932 1122 66.
1991 1083 2196 1123 Creaturae

1330 1130 1484 1173 ducunt
1515 1135 1566 1174 ad
1595 1136 1865 1189 cognitionem
1891 1138 1987 1181 Dei.
2013 1139 2105 1184 172,
2125 1140 2195 1186 63,

1331 1194 1371 1227 et
1408 1202 1447 1228 n.
1508 1189 1657 1231 Infelix
1695 1192 1813 1232 homo
1843 1193 1912 1246 qui
1942 1194 2018 1234 scit
2047 1194 2128 1234 alia
2156 1202 2197 1234 et

1332 1242 1469 1303 Deum
1489 1246 1638 1296 nescit3
1661 1247 1805 1288 beatus
1823 1257 1956 1289 autem
1975 1248 2043 1302 qui
2061 1251 2194 1290 Deum

1335 1306 1426 1345 scit,
1447 1301 1520 1340 etsi
1548 1302 1629 1343 alia
1651 1305 1817 1347 nesciat,
1835 1305 1903 1344 66.

1279 1352 1471 1451 Colg'pgtiol
1481 1356 1561 1451 171111.
1614 1359 1748 1399 Homo
1769 1360 1846 1400 sibi
1862 1359 1937 1416 ipsi
1956 1359 2196 1412 incognitus,

1283 1464 1466 1506 Colimus
1481 1468 1617 1507 Deum
1635 1482 1713 1508 non
1728 1470 1784 1509 sic
1797 1468 1912 1523 quasi
1928 1477 2087 1517 terram,
2099 1471 2198 1512 249.

1282 1521 1428 1561 Comes
1447 1523 1703 1576 largitionum
1726 1525 2049 1571 Italicianarum,
2071 1526 2139 1566 95.

1273 1584 1282 1601 ⁴
1298 1577 1612 1631 Competentes.'
1632 1581 1793 1622 Nomen
1805 1581 2115 1622 catechumenis
2126 1582 2197 1621 da-

1330 1639 1429 1679 tum,
1449 1648 1540 1675 cum
1556 1635 1607 1675 ad
1625 1637 1924 1691 percipiendum
1945 1636 2198 1689 Baptismum

1331 1702 1403 1728 sua
1419 1691 1674 1746 nominajam
1685 1692 1848 1746 professi
1858 1693 2032 1738 fuerant,
2051 1694 2143 1739 154,
2160 1707 2199 1732 11.

1277 1744 1470 1786 Confiteri
1491 1747 1584 1786 Deo
1611 1747 1708 1800 quid
1739 1748 1805 1795 sit,
1837 1749 1928 1788 168.
1986 1750 2070 1788 Cur
2099 1762 2195 1787 con-

1333 1799 1492 1840 fitemur
1514 1803 1606 1842 Deo
1634 1804 1772 1843 omnia
1799 1803 1958 1852 scienti,
1978 1804 2077 1849 205,
2102 1805 2195 1847 168.

1336 1857 1404 1905 18,
1432 1858 1500 1897 63.
1562 1859 1707 1911 Magni
1739 1859 1888 1900 fruetus
1919 1858 2196 1912 hujuscemodi

1333 1912 1643 1960 confessionum,
1684 1914 1740 1954 ib.
1790 1917 1867 1955 168
1920 1928 2008 1968 sqq.
2080 1915 2195 1955 N1hil

1331 1968 1495 2021 propius
1530 1969 1694 2010 auribus
1723 1970 1806 2011 Dei
1841 1983 1965 2024 quam
1998 1983 2064 2010 cor
2101 1983 2195 2011 con-

1334 2022 1448 2064 fitens
1469 2031 1510 2064 et
1532 2024 1612 2064 vita
1633 2039 1681 2065 ex
1702 2026 1795 2075 fide,
1817 2027 1888 2066 20.

1276 2078 1625 2121 Cosmssmnum
1670 2081 1759 2121 libri
1808 2080 1944 2136 scripti
1985 2080 2091 2120 circa
2130 2095 2195 2121 an.

1332 2134 1502 2176 CCCC.
1527 2138 1564 2184 l,
1588 2149 1628 2175 n.

1278 2190 1548 2230 Conscientiae
1585 2193 1754 2243 abyssus
1789 2191 1898 2231 nuda
1934 2189 2061 2231 oculis
2100 2190 2195 2236 Dei,

1334 2246 1426 2284 168.
1467 2246 1734 2286 Conscientiae
1755 2247 1888 2298 legem
1919 2259 1969 2286 ne
1999 2247 2085 2300 ipsa
2106 2246 2195 2299 qui-

1330 2299 1420 2341 dem
1440 2301 1547 2341 delet
1569 2301 1773 2354 iniquitas,
1794 2304 1865 2341 21.

1276 2356 1531 2396 Consortium
1544 2356 1663 2396 simul
1671 2358 1924 2412 peccantium
1934 2355 2196 2399 delectat.26.

1278 2413 1593 2452 Consulentibus
1620 2414 1891 2467 consultisque
1926 2411 2197 2452 nescientibus

1331 2468 1489 2507 occulto
1521 2468 1711 2508 instinctu
1745 2469 1826 2523 agit
1861 2469 1988 2516 Deus,
2024 2475 2069 2507 ut
2098 2468 2193 2507 dum

1333 2523 1504 2577 quisque
1551 2524 1739 2570 consulit,
1789 2525 1864 2563 1100
1911 2523 2050 2562 audiat
2088 2524 2196 2577 quod

1333 2587 1488 2633 oportet
1524 2594 1615 2619 eum
1658 2580 1797 2620 audire
1837 2579 2004 2618 occultis
2044 2579 2195 2619 meritis

1335 2635 1575 2683 animarum,
1627 2637 1718 2675 111.
1789 2635 2020 2675 Amicorum
2079 2648 2195 2675 secu·

1333 2690 1479 2730 larium
1513 2690 1650 2743 lingua
1689 2691 1766 2746 piis
1801 2691 1911 2730 velut
1950 2685 2195 2730 consulendo

1332 2746 1584 2795 contradicit,
1623 2754 1663 2787 et
1703 2747 1805 2787 sit-,ut
1850 2746 1985 2786 cibum
2035 2746 2194 2794 assolet,

1333 2802 1508 2841 amando
1529 2802 1742 2851 consumit,
1766 2803 1858 2842 146.

1281 2855 1597 2897 Consuetudinis
1630 2858 1836 2903 violentia,
1877 2857 1968 2905 132,
2002 2856 2066 2901 13,
2102 2856 2195 2895 188.

1335 2913 1409 2952 Est
1430 2915 1539 2953 velut
1561 2921 1721 2960 catena,
1748 2915 1840 2953 132.
1883 2912 1948 2951 Fit
1983 2910 2195 2950 necessitas

1327 2969 1423 3007 dum
1446 2968 1482 3008 ei
1502 2982 1581 3008 non
1601 2969 1809 3014 resistitur,
1831 2967 1886 3007 ib.
1919 2966 2081 3007 Gradus
2095 2965 2192 3004 varii

1328 3024 1476 3076 quibus
1497 3024 1546 3063 ad
1568 3037 1657 3064 eam
1679 3023 1952 3063 necessitatem
1971 3019 2192 3069 devenitur,

1328 3078 1383 3118 ib.
1444 3078 1756 3119 Consuetudinis
1794 3078 1949 3117 sarcina
1985 3077 2192 3127 degravat,

1330 3135 1429 3172 201.
1465 3133 1725 3174 Consuetudo
1737 3134 1915 3173 humana
1933 3146 2009 3171 non
2029 3139 2195 3171 excusat

1331 3188 1438 3240 quod
1479 3203 1547 3241 per
1586 3191 1731 3243 Legem
1779 3188 1854 3229 Dei
1890 3195 2078 3227 aeternam
2117 3200 2195 3226 non

1332 3243 1441 3291 licet,
1465 3245 1534 3285 71.

1277 3298 1534 3340 Continentia
1553 3305 1611 3339 est
1630 3297 1782 3338 ‹lonum
1818 3297 1895 3338 Dei
1914 3304 1953 3337 et
1983 3297 2099 3337 datur
2124 3310 2194 3352 pe-

1329 3355 1445 3403 tenti,
1465 3357 1533 3396 98.
1565 3354 1867 3395 Continentiam
1890 3353 2132 3406 Deusjubet
2155 3359 2196 3392 et

1330 3410 1414 3455 dat,
1440 3412 1533 3451 187.
1570 3411 1646 3449 Ρο1
1664 3408 1950 3450 continentiam
1973 3409 2195 3462 colligimur

1331 3466 1383 3506 ad
1411 3480 1536 3506 unum
1564 3466 1699 3504 Deum
1729 3478 1752 3503 a
1783 3478 1862 3518 quo
1891 3463 1934 3503 in
1964 3465 2091 3503 multa
2121 3465 2192 3503 de-

1330 3521 1533 3568 fluximus,
1558 3522 1652 3560 187.
1689 3519 1961 3560 Continentiae
1982 3527 2087 3560 casta
2106 3518 2193 3571 dig-

1330 3577 1450 3622 nitas,
1463 3589 1616 3621 serena,
1629 3588 1709 3615 non
1723 3575 1914 3615 dissolute
1928 3573 2078 3620 hilaris,
2099 3575 2191 3614 142.

1331 3628 1589 3673 Continentia
1602 3644 1680 3671 non
1697 3637 1757 3670 est
1771 3628 1932 3675 sterilis,
1942 3631 2011 3670 sed
2022 3630 2193 3670 fecunda

1329 3688 1378 3728 de
1400 3688 1578 3727 Domino
1600 3687 1688 3726 Deo
1708 3686 1866 3732 marito,
1889 3685 1944 3724 ib.

1276 3736 1542 3784 Contritiones
1573 3741 1702 3782 cordis
1730 3755 1810 3782 vox
1844 3753 1990 3795 magna
2021 3738 2075 3779 ad
2109 3735 2190 3778 Dei

1331 3796 1655 3847 misericordiam,
1681 3798 1774 3838 111.
