2378 4134
539 248 1144 303 CONFESSIONUM
1182 247 1423 300 LIBER
1460 248 1570 301 ΙΙΙ.
1913 252 1983 300 43

131 380 396 444 videram3
439 379 600 434 etiam
642 387 762 445 tum¹
801 387 1126 434 commotum
1167 378 1350 444 fuisse,
1381 395 1543 448 quam
1587 378 1710 447 ipso
1755 378 1982 444 somnio,

131 486 240 538 quo
279 466 489 520 seminae
530 465 636 534 piae
681 465 938 533 gaudium
979 472 1129 520 tanto
1169 470 1296 534 post
1336 464 1591 526 futurum,
1626 461 1697 515 ad
1740 465 1982 517 consola-

131 552 326 604 tionem
352 558 480 603 tunc
506 551 786 619 praesentis
812 549 1208 613 sollicitudiniS,
1224 554 1375 602 tanto
1401 554 1526 600 ante
1552 546 1868 617 praedictum
1884 557 1978 603 est.

130 638 271 689 Nam
296 654 488 688 novem
523 636 686 688 ferme
724 636 852 688 anni
887 635 1056 689 secuti
1083 641 1224 699 sunt,
1252 633 1452 704 quibus
1486 651 1589 701 ego
1625 633 1684 684 in
1719 633 1813 685 illo
1851 634 1980 686 limo

126 721 377 791 profundi
410 740 472 773 ac
510 721 743 773 tenebris
779 722 1042 787 falsitatiS,
1073 739 1196 774 cum
1233 738 1379 788 saepe
1415 737 1629 786 surgere
1664 737 1902 784 conarer,
1929 727 1982 772 et

128 808 339 876 gravius
367 806 629 871 alliderer,
654 809 924 861 volutatus
954 826 1093 860 sum:
1136 824 1259 859 cum
1289 813 1468 858 tamen
1498 805 1594 857 illa
1619 803 1784 857 vidua
1814 813 1979 868 casta,

125 893 219 962 pia
246 901 298 946 et
326 892 518 956 sobria,
545 894 730 961 quales
764 911 928 956 amaS,
946 893 1061 962 jam
1088 891 1307 962 quidem
1335 909 1430 960 spe
1459 890 1702 954 alacrior,
1729 890 1825 942 sed
1851 892 1980 944 fletu

125 986 179 1030 et
203 979 402 1046 gemitu
427 996 534 1029 non
561 978 790 1045 segnior,
806 996 914 1029 non
933 977 1198 1030 desineret
1221 977 1368 1028 horis
1394 977 1642 1028 omnibus
1670 976 1972 1028 orationum

125 1084 335 1118 suarum
375 1065 441 1117 de
478 1085 564 1118 me
601 1067 855 1135 plangere
894 1066 964 1118 ad
1001 1073 1084 1129 te3
1129 1072 1182 1117 et
1219 1064 1503 1116 intrabant
1540 1065 1599 1114 in
1638 1071 1976 1130 conspectum
1997 1081 2062 1121 Ps.
2082 1082 2151 1131 8⁷,

125 1158 278 1203 tuum
313 1170 502 1218 preces
542 1152 676 1221 ejus,
714 1159 768 1204 et
809 1170 895 1204 me
938 1159 1118 1204 tamen
1159 1150 1469 1202 dimittebas
1513 1148 1691 1202 adhuc
1736 1149 1879 1201 volvi
1924 1157 1978 1202 et
1992 1135 2033 1175 3.

123 1236 323 1287 involvi
348 1237 442 1289 illa
467 1237 713 1304 caligine.

195 1324 279 1372 21.
319 1323 394 1373 Et
442 1321 637 1374 dedisti
687 1324 910 1374 alterum
950 1339 1266 1390 responsum
1309 1320 1540 1383 interim,
1585 1319 1732 1388 quod
1773 1321 1971 1373 100010.
2032 1330 2137 1372 XII.

126 1408 267 1458 Nam
298 1417 350 1459 et
378 1409 547 1459 multa
578 1416 850 1476 p1·aetere0‚
877 1414 1099 1476 propter
1126 1405 1271 1476 quod
1295 1423 1525 1473 propero
1554 1404 1623 1456 ad
1649 1423 1713 1456 ea
1739 1423 1859 1474 quae
1887 1423 1972 1457 me
1989 1384 2148 1492 ἓξὲξ-

122 1492 294 1559 magis
335 1501 526 1559 urgent
568 1493 809 1545 confiteri
846 1493 961 1558 tibi,
1000 1500 1054 1545 et
1095 1492 1264 1543 multa
1298 1509 1407 1542 non
1445 1490 1679 1542 memini.
1712 1537 1720 1549 ,
1758 1489 1972 1542 Dedisti
1988 1505 2075 1532 sum

122 1595 246 1643 ergo
273 1578 495 1629 alterum
524 1596 621 1646 per
654 1577 982 1630 sacerdotem
1015 1585 1184 1640 tuum,
1212 1575 1499 1646 quemdam
1524 1576 1841 1644 episcopum
1872 1594 1970 1627 nu·
1987 1554 2148 1654 ἷξὲῗς,

121 1664 301 1715 tritum
325 1665 382 1715 in
407 1665 672 1728 Ecclesia,
699 1673 752 1717 et
775 1667 1126 1719 exercitatum
1150 1665 1207 1715 in
1234 1665 1413 1716 Libris
1439 1664 1561 1716 tuis.
1638 1664 1812 1724 Quem
1847 1683 1969 1716 cum
1985 1656 2144 1763 ilenfiiffi·

119 1750 214 1801 illa
236 1750 433 1802 femina
455 1758 694 1818 rogasset
718 1758 778 1803 ut
804 1751 1110 1820 dignaretur
1133 1771 1343 1805 mecum
1372 1750 1628 1820 colloqui,
1656 1758 1709 1803 et
1732 1751 1968 1803 refellere
1985 1765 2158 1825 qupdarn

121 1852 317 1887 errores
341 1854 505 1900 111005,
532 1843 585 1887 et
621 1836 880 1889 dedocere
917 1856 1002 1889 me
1032 1839 1189 1902 mala,
1217 1856 1279 1890 ac
1316 1837 1506 1889 docere
1541 1838 1688 1888 bona
1721 1835 1970 1899 (faciebat
1985 1831 2172 1928 ἓξιῗέξὶῇζ

121 1919 263 1970 0111111
294 1921 416 1983 1100,
443 1920 487 1971 51
522 1939 656 1989 (11105
691 1922 820 1972 sorte
856 1921 1080 1974 idoneos
1113 1923 1418 1989 invenisset)
1436 1943 1448 1985 ;
1502 1923 1676 1973 noluit
1708 1922 1818 1986 1110,
1844 1941 1967 1991 pru-
1984 1941 2144 1990 conver-

121 2003 304 2056 denter
353 2023 496 2069 sane,
538 2014 796 2075 quantum
848 2008 989 2059 sensi
1037 2017 1240 2076 postea.
1334 2006 1642 2077 Respondit
1690 2007 1834 2059 enim
1882 2026 1970 2060 me
1984 1995 2106 2023 ⁵¹⁰⁰*

119 2088 294 2141 adhuc
321 2108 436 2142 esse
460 2090 765 2154 indocilem,
785 2109 848 2143 eo
876 2092 1022 2162 quod
1047 2093 1264 2146 inflatus
1290 2111 1463 2145 essem
1487 2093 1724 2144 novitate
1749 2093 1970 2146 haeresis

119 2173 276 2238 illius,
303 2182 356 2226 et
379 2175 651 2227 nonnullis
679 2178 1111 2245 quaestiunculisn
1123 2177 1237 2247 jam
1264 2179 1459 2230 multos
1485 2178 1762 2248 imperitos
1781 2180 1967 2246 exagi-

117 2265 328 2322 tassem,
368 2260 506 2312 sicut
546 2260 640 2313 illa
680 2261 1009 2315 indicaverat
1042 2263 1107 2315 ei.
1200 2264 1232 2290 ‘⁶
1263 2263 1372 2316 Sed
1410 2264 1542 2327 sine,
1581 2264 1776 2334 inquit,
1813 2264 1967 2315 illum

117 2346 150 2370 ‘⁶
175 2344 270 2407 ibi,
295 2352 349 2396 et
371 2353 577 2397 tantum
602 2364 733 2414 roga
757 2366 853 2416 pro
880 2367 944 2400 eo
972 2349 1292 2401 Dominum:
1332 2349 1451 2418 ipse
1477 2350 1707 2416 legendo
1739 2350 1968 2419 reperiet

118 2430 150 2456 ‘⁶
177 2430 298 2498 quis
322 2431 411 2482 ille
439 2431 507 2482 sit
531 2449 687 2495 error,
713 2440 766 2485 et
793 2440 993 2502 quanta
1017 2435 1315 2503 impietas.'’
1391 2435 1565 2487 Simul
1591 2435 1753 2487 etiam
1786 2454 1964 2487 narra-

115 2514 193 2565 vit
231 2532 286 2565 se
325 2534 538 2585 quoque
575 2518 853 2585 parvulum
892 2537 924 2569 a
962 2519 1183 2571 seducta
1219 2527 1386 2571 matre
1425 2538 1522 2571 sua
1566 2511 1750 2572 datum
1799 2521 1964 2572 fuisse

118 2598 456 2663 ManichaeiS‚
483 2607 536 2652 et
569 2618 752 2652 01111105
785 2620 923 2670 pene
959 2621 1070 2654 non
1106 2604 1301 2671 legisse
1335 2612 1560 2668 tantum,
1586 2624 1768 2656 verum
1803 2605 1963 2657 etiam

117 2682 442 2752 scriptitasse
479 2685 643 2736 libros
681 2704 886 2749 eorum3
951 2687 1161 2756 sibique
1211 2690 1542 2758 apparuisse,
1580 2691 1730 2741 nullo
1780 2699 1964 2743 contra

117 2764 421 2835 disputante
459 2775 513 2820 et
549 2771 916 2837 convincente,
957 2790 1116 2841 quam
1156 2782 1297 2826 esset
1343 2775 1437 2827 illa
1485 2782 1633 2827 secta
1678 2776 1935 2843 fugienda
1945 2795 1960 2839 3

168 2968 189 2990 ¹¹
223 2963 298 3004 Sed
318 2978 379 3004 me
398 2966 476 3006 duo
499 2968 679 3020 quaedam
712 2968 1002 3031 maxima-quae
1061 2971 1179 3018 Quod
1208 2971 1421 3012 altercandi
1449 2987 1571 3026 genus
1600 2974 1692 3027 quia
1722 2981 1808 3026 post
1825 2987 1959 3014 eorum

113 3017 309 3058 incautam
346 3019 456 3059 illam
490 3028 644 3061 aetatem
678 3022 792 3063 facile
826 3031 1002 3077 capiunt,

114 3085 182 3123 per
202 3073 447 3114 admirabiles
473 3076 661 3116 adtrivere
689 3077 887 3124 circuitus,
906 3091 1002 3130 quo-

115 3138 199 3164 rum
231 3134 289 3166 est
317 3140 438 3166 unum
468 3129 721 3175 familiaritas.
752 3131 881 3171 nescio
906 3146 1003 3185 quo-

114 3179 228 3218 modo
256 3193 392 3233 repens
416 3184 583 3233 quadam
615 3184 782 3238 imagine
810 3186 1003 3234 bonitatis,

116 3238 313 3293 tamquam
363 3235 558 3277 sinuosum
602 3238 761 3291 aliquod
800 3240 1002 3280 vinculum

114 3285 377 3339 multipliciter
406 3290 508 3330 collo
532 3290 763 3332 involutum.
822 3294 1001 3334 Alterum

113 3339 219 3391 quod
245 3341 424 3392 quaedam
453 3344 569 3384 noxia
597 3346 756 3386 victoria
780 3361 880 3400 pene
909 3348 1002 3388 mihi

113 3404 265 3445 semper
311 3393 353 3432 in
400 3395 720 3450 disputationibus
753 3401 1007 3454 proveniebat

112 3445 310 3486 disserenti
340 3460 431 3487 cum
466 3451 690 3493 Christianis
716 3454 918 3509 imperitis,
937 3457 1005 3496 sed

112 3506 243 3540 tamen
280 3501 392 3540 fidem
437 3516 545 3543 suam
587 3508 777 3553 certatim.
812 3516 857 3549 ut
899 3510 1004 3562 quis-

111 3567 188 3606 que
207 3562 347 3608 posset,
365 3555 569 3598 defendere
596 3561 855 3603 molientibus.
911 3565 1004 3611 Quo

110 3620 292 3669 successu
305 3609 536 3651 creberrimo
553 3613 737 3665 gliscebat
749 3617 1004 3657 adolescentis

112 3670 346 3709 animositas,
367 3670 407 3702 et
427 3664 575 3719 impetu
605 3680 675 3707 suo
702 3668 742 3708 in
773 3671 1001 3723 pervicaciae

110 3727 297 3769 magnum
329 3717 477 3758 malum
511 3718 774 3775 imprudenter
802 3725 996 3778 vergebat.

1058 3025 1292 3065 auditionem
1310 3040 1511 3080 aggressus
1529 3041 1651 3074 eram,
1664 3028 1854 3082 quidquid
1873 3042 1960 3068 meo

1057 3079 1118 3119 vel
1138 3079 1418 3134 qualicumque
1443 3082 1600 3135 ingenio
1620 3082 1682 3121 vel
1709 3083 1794 3122 aliis
1822 3083 1958 3122 lectio-

1058 3133 1173 3173 nibus
1191 3142 1380 3187 poteram‚
1400 3136 1491 3175 solis
1517 3136 1594 3176 illis
1612 3137 1860 3176 libentissime
1889 3137 1957 3175 tri-

1060 3187 1247 3228 buebam.
1278 3190 1342 3228 Ita
1355 3190 1570 3229 exillorum
1588 3191 1829 3230 sermonibus
1843 3190 1958 3229 ardor

1058 3240 1098 3280 in
1133 3244 1361 3289 certamina,
1397 3257 1447 3283 ex
1482 3244 1736 3283 certaminum
1766 3251 1956 3297 proventu

1058 3308 1168 3335 amor
1198 3296 1239 3335 in
1272 3296 1359 3336 illos
1392 3298 1562 3350 quotidie
1590 3299 1833 3337 movebatur.
1890 3299 1954 3338 Ex

1057 3362 1135 3402 quo
1156 3350 1371 3396 accidebat,
1388 3359 1431 3390 ut
1443 3351 1633 3404 quidquid
1646 3351 1834 3397 dicerent,
1848 3351 1955 3391 miris

1059 3403 1294 3456 quibusdam
1314 3406 1450 3450 modis,
1471 3418 1549 3444 non
1568 3405 1661 3458 quia
1678 3405 1866 3450 sciebam,
1885 3407 1954 3446 sed

1059 3457 1152 3509 quia
1179 3459 1364 3511 optabam
1394 3471 1527 3498 verum
1556 3471 1652 3504 esse,
1671 3472 1740 3511 pro
1760 3472 1852 3498 vero
1881 3472 1950 3512 ap·

1059 3511 1278 3563 probarem.
1336 3513 1401 3551 Ita
1430 3511 1576 3551 factum
1601 3519 1671 3557 est,
1702 3519 1746 3552 ut
1774 3514 1952 3566 quamvis

1059 3564 1293 3616 pedetentim
1325 3572 1442 3618 atque
1470 3573 1600 3611 caute,
1633 3573 1764 3606 tamen
1793 3566 1860 3606 diu
1889 3580 1950 3608 se·

1055 3631 1195 3670 querer
1220 3618 1397 3658 homines
1419 3619 1579 3659 nitidam
1605 3620 1789 3674 stipulam
1808 3621 1952 3661 viventi

1056 3671 1196 3710 animae
1218 3671 1476 3725 praeferentes.
1508 3673 1608 3735 [vid.
1628 3688 1714 3728 sup.
1735 3675 1771 3726 §.
1788 3676 1853 3715 18.
1871 3683 1954 3717 not.

1056 3726 1111 3778 5.]
1133 3725 1238 3779 Aug.
1257 3726 1306 3767 de
1322 3727 1442 3767 duab.
1454 3739 1577 3769 amm.
1597 3741 1632 3769 0.
1651 3729 1826 3770 Manich.
1839 3731 1874 3782 ᾗ.
1889 3731 1953 3770 11.
