2378 4134
567 270 1175 330 CONFESSIONUM
1214 267 1456 322 LIBER
1495 269 1538 320 Ι.
1921 267 1955 315 9

89 423 385 498 puniuntur
418 439 452 475 a
484 420 805 493 majoribus:
847 425 902 472 et
936 434 1096 471 nemo
1132 415 1415 469 miseratur
1449 428 1666 482 puerOS,
1692 410 1778 462 vel
1813 409 1957 474 illos,

90 513 176 565 vel
211 518 480 579 utrosque.
570 506 697 559 Nisi
733 524 860 559 vero
899 498 1200 575 approbet*
1228 501 1517 572 quisquam
1560 498 1738 549 bonus
1779 513 1956 549 rerum

91 598 287 652 arbiter
329 595 610 665 vapulasse
652 611 757 659 me,
799 592 927 662 quia
968 590 1226 644 ludebam
1266 587 1383 658 pila
1422 602 1576 656 puer,
1621 590 1674 636 et
1718 600 1782 634 eo
1824 580 1956 632 ludo

88 681 422 752 impediebar
448 678 736 750 quominus
761 678 1001 732 celeriter
1025 675 1287 729 discerem
1310 673 1534 736 litteras,
1560 670 1759 740 quibus
1787 665 1959 736 major

91 767 380 821 deformius
427 765 699 818 luderem:
752 762 879 817 aut*
925 762 1075 817 aliud
1121 760 1358 814 faciebat
1405 757 1551 810 idem
1600 757 1718 825 ipse
1771 772 1804 805 a
1847 770 1956 822 quo

91 854 444 925 vapulabam3
484 850 580 921 qui
615 851 661 903 si
695 851 754 902 in
789 851 972 921 aliqua
998 847 1394 920 quaestiuncula
1427 863 1460 898 a
1496 842 1824 896 condoctore
1859 857 1957 891 suo

91 940 265 993 victus
297 945 454 1002 esset,
478 937 653 1005 magis
689 937 800 989 bile
834 943 996 1007 atque
1034 934 1241 987 invidia
1276 937 1629 1002 torqueretur,
1657 944 1822 999 quam
1856 943 1957 994 ego

92 1043 215 1078 cum
238 1026 297 1076 in
321 1022 609 1077 certamine
634 1022 760 1092 pilae
788 1041 820 1075 a
845 1023 1108 1075 collusore
1136 1037 1257 1071 meo
1286 1015 1608 1087 superabar?

169 1116 249 1163 16.
275 1113 352 1164 Et
375 1120 555 1164 tamen
580 1110 895 1179 peccabam,
915 1107 1152 1160 Domine
1178 1106 1351 1166 DeUS,
1373 1103 1647 1156 ordinator
1672 1106 1724 1153 et
1751 1104 1959 1153 creator
2043 1109 2095 1148 x.

91 1198 331 1252 omnium
366 1215 540 1250 rerum
565 1196 906 1260 naturalium,
930 1201 1278 1264 peccatorum
1306 1199 1484 1244 autem
1510 1198 1718 1243 tantum
1746 1188 1957 1241 ordina·
1975 1164 2145 1258 ἷὶζῗιζῐξῑ

91 1279 218 1338 tor¹z
247 1284 485 1335 Domine
504 1284 658 1335 Deus
683 1299 853 1346 meus,
872 1282 1170 1350 peccabam
1196 1277 1446 1332 faciendo
1474 1284 1661 1330 contra
1685 1281 1959 1345 praecepta
1973 1281 2151 1368 {333¹

92 1377 373 1442 parentum
400 1376 454 1422 et
476 1369 852 1437 magistrorum
876 1368 1107 1419 illorum.
1178 1366 1430 1418 Poteram
1451 1365 1592 1416 enim
1609 1371 1802 1433 postea
1818 1363 1959 1414 bene
1976 1391 2165 1444 avqcatur

92 1458 172 1510 uti
209 1456 416 1520 litteris,
446 1473 580 1525 quas
609 1455 863 1507 volebant
893 1460 955 1505 ut
991 1451 1252 1504 discerem
1279 1467 1626 1520 quocumque
1663 1448 1843 1500 animo
1880 1448 1961 1498 illi
1978 1440 2128 1533 j‘alrffi·

92 1542 214 1594 mei.
291 1543 418 1594 Non
443 1541 587 1593 enim
610 1539 833 1592 meliora
858 1538 1084 1606 eligens,
1111 1536 1433 1589 inobediens
1460 1554 1622 1599 eram,
1651 1534 1745 1586 sed
1783 1552 1962 1586 amore
1978 1548 2124 1588 studio.

91 1627 333 1692 ludendi,
360 1644 547 1680 amans
579 1626 637 1677 in
676 1625 1059 1678 certaminibus
1099 1625 1361 1693 superbas
1392 1621 1664 1685 victoriaS,
1698 1627 1753 1673 et
1791 1621 1964 1690 scalpi

94 1731 247 1766 aures
295 1731 442 1765 meas
491 1711 641 1764 falsis
690 1710 921 1775 fabellis,
966 1728 1074 1780 quo
1117 1709 1388 1780 prurirent
1437 1708 1729 1771 ardentiUS,
1775 1707 1965 1759 eadem

94 1798 400 1851 curiositate
424 1797 599 1864 magis
625 1796 906 1864 magisque
925 1813 1022 1865 per
1041 1797 1226 1848 oeulos
1245 1796 1514 1848 emicante
1534 1795 1591 1846 in
1617 1790 1963 1864 spectacula*

94 1884 362 1954 ludosque
421 1882 721 1953 majorum3
780 1899 918 1952 quos
974 1888 1155 1934 tamen
1207 1881 1302 1951 qui
1354 1880 1537 1944 edunt,
1589 1899 1652 1932 ea
1702 1879 1965 1947 dignitate

96 1970 311 2041 praediti
349 1970 642 2034 excellunt,
667 1974 729 2021 ut
764 1969 870 2021 hoc
908 1987 1048 2038 pene
1088 1986 1276 2020 omnes
1315 1975 1504 2037 optent
1540 1968 1782 2037 parvulis
1821 1967 1961 2019 suis:

95 2074 233 2127 quos
280 2064 460 2108 tamen
504 2054 642 2108 caedi
684 2055 915 2106 libenter
956 2054 1250 2124 patiuntur,
1295 2053 1340 2105 si
1391 2054 1719 2122 spectaculis
1763 2053 1965 2104 talibus

94 2143 461 2213 impediuntur
497 2161 530 2195 a
567 2141 764 2206 studiO,
792 2160 901 2212 quo
937 2159 1029 2193 eos
1067 2141 1136 2193 ad
1172 2141 1302 2192 talia
1338 2140 1548 2193 edenda
1581 2141 1811 2210 cupiunt
1845 2159 1965 2209 per-

95 2229 292 2282 venire.
367 2228 508 2282 Vide
533 2229 654 2292 ista,
681 2228 935 2291 Domine,
961 2223 1394 2290 misericorditer,
1421 2235 1472 2279 et
1508 2227 1680 2278 libera
1717 2245 1817 2278 nos
1848 2226 1966 2296 jain

96 2315 408 2368 invocantes
448 2323 528 2378 te3
565 2315 737 2365 libera
769 2313 932 2365 etiam
971 2331 1064 2365 eos
1100 2313 1193 2383 qui
1231 2312 1476 2364 nondum
1515 2320 1567 2365 te
1605 2313 1880 2379 invocant,
1906 2320 1967 2365 ut

98 2402 352 2453 invocent
375 2407 445 2466 te,
471 2406 525 2452 et
547 2400 746 2452 liberes
774 2417 882 2451 eos.

174 2490 256 2537 17.
295 2485 586 2537 Audieram
616 2485 760 2536 enim
792 2501 895 2553 ego
929 2483 1108 2536 adhuc
1139 2501 1275 2552 puer
1312 2484 1379 2535 de
1409 2483 1521 2535 vita
1560 2491 1761 2536 aeterna
1799 2484 1962 2536 nobis
1983 2480 2128 2572 Μέξέἔ)

99 2569 363 2639 promissa
387 2587 482 2637 per
502 2569 891 2620 humilitatem¹‘
908 2567 1134 2619 Domini
1159 2569 1267 2619 Dei
1291 2568 1461 2620 nostri
1489 2568 1868 2620 descendentis
1896 2568 1965 2620 ad
1982 2603 2139 2642 pressus

101 2654 406 2723 superbiam
448 2660 717 2717 nostram3
769 2660 822 2706 et
867 2650 1118 2719 signabar
1151 2652 1267 2722 jam
1314 2654 1468 2721 signo
1515 2653 1693 2705 crucis
1738 2654 1871 2724 ejus,
1913 2662 1967 2706 et
1986 2644 2144 2697 Baptis-

102 2738 393 2791 condiebar
434 2738 550 2809 ejus
589 2735 738 2802 sale¹,
770 2738 884 2808 jam
923 2737 1050 2789 inde
1095 2734 1164 2789 ab
1209 2745 1359 2790 utero
1409 2739 1595 2791 matris
1645 2757 1798 2804 meae,
1844 2758 1965 2809 quae
1983 2712 2154 2807 1fiauglsiriat,

155 2902 168 2933 ¹
198 2908 248 2947 In
278 2909 346 2949 Ps.
376 2911 415 2949 7.
444 2924 479 2950 ν.
513 2911 579 2950 fin.
621 2910 715 2949 Non
749 2907 851 2948 dixit
885 2907 1002 2948 Fiant

103 2962 271 3002 tenebra¹
291 2970 332 3003 et
350 2963 468 3005 factae
489 2971 580 3004 sunt
597 2966 792 3011 tenebrae3
814 2971 854 3003 et
869 2971 1003 3002 tamen

105 3016 209 3070 ipsas
221 3017 613 3059 ordinavit.—Aliud
631 3019 722 3058 fecit
733 3026 771 3058 et
785 3018 979 3058 ordinavit
992 3033 1002 3067 3

105 3071 214 3111 aliud
247 3079 378 3112 autem
409 3087 487 3113 non
515 3073 619 3121 fecit,
641 3073 711 3112 sed
732 3081 862 3112 tamen
884 3073 1004 3112 etiam

104 3124 178 3165 hoc
198 3125 409 3166 ordinavit.
466 3128 559 3168 Jam
581 3141 672 3167 vero
693 3127 861 3167 tenebris
881 3126 1003 3178 signi-

104 3179 213 3220 ficari
227 3189 392 3235 peccata
403 3183 478 3222 &c.
502 3183 566 3222 De
581 3182 775 3229 Civ.Dei,
789 3182 818 3222 1.
832 3181 872 3221 ἰί.
888 3195 920 3221 c.
941 3183 1004 3221 17.

108 3234 220 3273 Deus
238 3235 339 3276 sicut
367 3243 595 3276 naturarum
623 3237 815 3276 bonarum
836 3236 1007 3290 optimus

107 3287 285 3334 Creator.
305 3290 362 3332 ita
380 3291 573 3331 malarum
595 3292 845 3331 voluntatum
869 3290 1005 3343 justis-

107 3341 228 3382 simus
255 3342 464 3384 ordinator.
485 3359 520 3385 c.
546 3347 616 3386 20.
645 3347 730 3386 sola
758 3346 826 3385 lux
857 3346 1006 3396 placuit

109 3395 313 3436 Creatori:
353 3400 523 3439 tenebrae
553 3407 684 3440 autem
715 3401 903 3453 angelicae
933 3400 1006 3440 etsi

108 3449 262 3490 fuerant
293 3451 539 3499 ordinandae,
569 3468 647 3493 non
683 3462 818 3494 tamen
850 3455 1007 3494 fueraut

108 3505 386 3557 approbandae.
412 3519 450 3546 c.
473 3508 543 3548 21.
574 3522 646 3548 nec
674 3509 783 3549 mala
809 3510 1006 3558 voluntas,

107 3558 200 3619 guia
222 3567 372 3599 naturae
391 3560 567 3600 ordinem
586 3575 739 3603 servare
760 3563 900 3610 noluit,
916 3563 1006 3603 ideo

101 3613 202 3663 Justi
231 3614 312 3654 Dei
346 3615 450 3667 leges
485 3615 618 3655 omnia
651 3617 754 3656 bene
788 3617 1008 3658 ordinantis

108 3666 257 3720 effugit.
315 3669 381 3708 De
411 3668 646 3710 Praedestin.
675 3671 855 3712 Sanctor.
883 3685 918 3712 c.
943 3673 1007 3712 16.

112 3720 184 3759 Est
208 3722 248 3761 in
274 3723 466 3763 malorum
494 3731 685 3777 potestate
715 3739 893 3780 peccare.
953 3727 1010 3766 Ut

111 3782 240 3816 autem
261 3778 463 3831 peccando
482 3778 555 3817 hoc
576 3779 639 3818 vel
663 3779 735 3819 hoc
758 3780 827 3819 ina
858 3780 1011 3820 malitia

1058 2907 1222 2954 faciant,
1245 2921 1322 2948 non
1352 2914 1413 2948 est
1442 2908 1483 2947 in
1511 2922 1645 2949 eorum
1676 2917 1869 2964 potestate
1899 2909 1969 2949 sed

1060 2963 1141 3002 Dei
1177 2962 1392 3003 dividentis
1429 2965 1628 3011 tenebras,
1672 2973 1712 3004 et
1750 2965 1969 3004 ordinantis

1060 3030 1144 3057 eas.

1114 3071 1138 3102 k
1170 3073 1226 3112 Ut
1253 3072 1358 3111 enim
1389 3085 1511 3112 causa
1540 3073 1715 3113 omnium
1747 3073 1969 3112 morborum

1060 3135 1276 3171 curaretur,
1307 3127 1347 3166 id
1378 3135 1437 3166 est
1463 3127 1666 3180 superbia,
1697 3128 1901 3167 descendit
1930 3137 1970 3167 et

1062 3182 1224 3221 humilis
1240 3181 1369 3221 factus
1388 3189 1448 3221 est
1465 3183 1593 3222 Filius
1606 3182 1711 3222 Dei.
1729 3211 1739 3221 .
1755 3212 1763 3221 .
1776 3181 1969 3235 Superbia

1062 3236 1210 3290 quippe
1226 3236 1319 3276 facit
1338 3237 1579 3276 voluntatem
1601 3250 1739 3286 suam3
1763 3235 1971 3275 humilitas

1064 3291 1158 3330 facit
1177 3291 1422 3331 voluntatem
1441 3291 1536 3331 Dei.
1595 3291 1704 3343 Aug.
1726 3298 1884 3331 tractat.
1900 3292 1972 3329 24.

1061 3347 1101 3385 in
1123 3346 1276 3385 Joann.

1115 3397 1127 3429 1
1145 3401 1194 3440 In
1210 3399 1388 3440 ecclesiis
1403 3399 1898 3440 scilicetOccidentalibus
1908 3398 1971 3438 sal

1064 3453 1374 3494 Catechumenis
1400 3454 1640 3506 gustandum
1662 3455 1872 3500 dederunt,
1892 3467 1970 3506 quo

1062 3509 1240 3548 animum
1259 3509 1542 3562 incorruptum,
1564 3509 1776 3554 sincerum,
1797 3515 1838 3548 et
1863 3508 1970 3562 sapi-

1061 3570 1209 3610 entem,
1228 3562 1490 3610 declararent,
1506 3563 1637 3616 qualis
1654 3563 1970 3603 Christianorum

1063 3630 1148 3657 esse
1177 3616 1349 3656 deceret.
1406 3615 1486 3656 vid.
1509 3617 1711 3669 Liturgias
1730 3618 1849 3658 Eccl.
1870 3618 1971 3658 Oce.

1066 3684 1130 3723 ap.
1151 3670 1308 3710 Assem.
1330 3670 1470 3711 Codex
1492 3672 1646 3723 Liturg.
1667 3680 1698 3713 t.
1722 3672 1747 3713 i.
1790 3674 1897 3724 Aug.
1920 3672 1972 3712 de

1065 3724 1370 3766 Catechizandis
1394 3726 1524 3768 rudib.
1543 3740 1580 3768 c.
1598 3728 1664 3768 26.
1688 3727 1846 3769 Concil.
1868 3728 1967 3768 Car-

1066 3779 1174 3833 thag.
1194 3779 1221 3820 i.
1241 3792 1331 3819 can.
1353 3782 1396 3819 5.
