2378 4134
491 326 1212 397 AUGUSTINIANI
1263 324 1744 408 ANNALES,

1061 467 1170 498 SIVE

316 556 961 615 COMPENDIOSA
1026 557 1080 609 S.
1135 553 1644 608 AUGUSTINI
1702 554 1914 607 VITA

710 682 834 720 CUM
861 683 983 720 SUIS
1009 681 1304 718 ANNORUM
1331 680 1517 717 NOTIS.

829 885 1170 928 PRAECIPUA·
1187 884 1398 927 FACTA.

181 967 275 997 Anu.

145 1004 207 1032 ΕΓ.
227 1001 315 1039 vulg.

144 1040 246 1085 354.

64 1357 73 1364 ·
142 1331 244 1384 370.

59 1639 69 1694 .'
141 1628 241 1679 371.

55 1852 66 1930 ζ,
138 1863 239 1915 372.

137 2042 238 2092 374.

136 2278 238 2330 376.

134 2631 235 2682 379.

131 2809 232 2854 383.

133 3102 233 3146 385.

134 3396 234 3440 386.

135 3690 235 3741 387.

275 1038 553 1096 Augustinus
590 1037 830 1094 Thagastae
871 1037 1083 1087 nascitur,

275 1099 468 1141 Patricio
503 1103 646 1154 patre,
679 1102 820 1138 matre
853 1093 1083 1145 Monnica‚

277 1158 346 1200 die
373 1158 544 1199 decima
564 1156 698 1198 tertia
719 1154 1004 1205 Novembris;
1038 1161 1084 1196 et

273 1217 407 1273 paulo
447 1222 550 1273 post
582 1214 912 1258 catechumenis
949 1214 1084 1256 ascri-

275 1276 408 1317 bitur.

280 1334 462 1376 Sextum
495 1333 718 1376 decimum
743 1331 889 1374 aetatis
917 1345 1082 1373 annum

275 1408 429 1450 agens,
448 1393 607 1435 studiis
624 1391 907 1442 intermissis,
922 1404 975 1433 ex
989 1391 1081 1432 otio

272 1453 317 1494 in
351 1453 567 1494 luxuriam
599 1451 770 1493 incidit.
834 1451 941 1491 Mox
974 1449 1084 1492 Car-

274 1512 456 1568 thagine
489 1512 670 1552 studens
702 1509 955 1561 rhetoricae,
983 1508 1076 1550 libi-

277 1571 419 1612 dinosi
442 1570 605 1612 amoris
627 1569 784 1624 laqueo
807 1567 1018 1609 irretitur.

273 1629 488 1672 Patricius
511 1628 712 1677 moritur,
735 1635 779 1669 et
800 1627 1079 1683 Augustinus

272 1695 398 1744 patre
429 1689 609 1730 orbatus
641 1687 773 1729 alitur
807 1685 1080 1742 Carthagine

275 1747 524 1803 sumptibus
553 1746 707 1788 matris
736 1753 781 1787 et
811 1759 895 1801 ope
918 1746 1079 1787 Roma-

272 1821 408 1848 mani.

274 1865 389 1907 Cum
421 1865 663 1907 secundum
696 1862 970 1918 Carthagine
1002 1877 1078 1904 an-

273 1939 380 1966 num
408 1925 606 1981 degeret,
630 1923 770 1964 filium
795 1922 1075 1963 Adeodatum

271 1998 323 2025 ex
346 1983 592 2026 concubina
614 1982 816 2038 suscipit.

271 2044 322 2084 In
346 2043 697 2084 Manichaeorum
727 2039 936 2082 haeresim
967 2039 1077 2081 labi-

269 2109 356 2152 tur,
375 2108 420 2143 et
441 2101 690 2157 complures
708 2114 760 2141 ex
782 2098 1073 2141 familiaribus

270 2161 360 2202 suis
382 2161 427 2202 in
449 2175 546 2202 eam
570 2159 765 2216 pellicit:
804 2172 956 2200 casum
978 2157 1074 2213 ejus

268 2220 399 2262 deflet
412 2219 637 2269 Mounica,
648 2225 693 2260 et
706 2218 896 2260 reditum
912 2223 1075 2273 sperat.

270 2279 540 2334 Aliquandiu
555 2279 795 2334 Thagastae
816 2276 1075 2333 grammati-

267 2353 365 2380 cam
397 2338 551 2380 docet:
588 2338 665 2378 sed
696 2350 796 2378 mox
829 2336 944 2376 redit
967 2335 1075 2376 Car-

267 2397 512 2453 thaginem,
536 2402 580 2437 et
602 2396 664 2437 ibi
685 2394 952 2436 rhetoricam
975 2408 1075 2450 pro-

268 2456 430 2498 fitetur.
471 2455 585 2497 Cum
603 2454 667 2496 illi
689 2453 895 2495 theatrici
917 2453 1075 2494 carmi-

267 2516 335 2556 nis
385 2522 611 2557 certamen
661 2513 773 2554 inire
816 2512 1071 2568 placuisset,

267 2574 459 2630 palmam
482 2573 598 2615 tulit.

266 2632 535 2688 Astrologiae
596 2630 783 2672 nimium
854 2629 1070 2680 tribuens,

266 2691 478 2747 paulatim
521 2691 575 2732 ab
618 2704 671 2731 ea
711 2695 933 2731 avocatur.
1004 2690 1072 2731 De

266 2751 454 2792 Pulchro
477 2757 519 2791 et
543 2750 662 2803 Apto
683 2748 819 2789 libros
842 2747 1009 2789 scribit.

267 2810 618 2851 Manichaeorum
648 2821 819 2849 errores
854 2814 900 2848 et
933 2807 1071 2848 imbe-

264 2869 494 2910 cillitatem
535 2867 768 2923 comperit,
802 2867 878 2907 sed
914 2866 1072 2907 incidit

263 2927 308 2968 in
321 2927 688 2969 Academicorum
702 2926 848 2967 dubia.
883 2925 1069 2966 Romam

266 2987 560 3042 proficiscitur
580 3002 588 3027 :
623 2986 683 3027 ibi
705 2984 974 3026 rhetoricam
996 2985 1071 3025 do-

264 3052 350 3087 cet.

267 3103 508 3145 Mediolani
539 3109 679 3144 artem
709 3102 945 3143 oratoriam
972 3116 1071 3157 pro-

265 3164 440 3204 fitetur:
499 3161 722 3203 Ambrosii
774 3162 962 3209 auditor,
1015 3161 1068 3202 ab

263 3222 482 3263 erroribus
506 3219 718 3277 paulatim
741 3220 990 3275 resipiscit;
1025 3226 1070 3260 at

266 3341 351 3382 huc
374 3339 504 3381 valet.
540 3352 542 3354 ’

268 3399 512 3440 Plurimum
553 3396 729 3452 proficit
774 3409 826 3437 ex
878 3394 1068 3450 apostoli

266 3457 388 3498 Pauli
404 3456 591 3498 lectione
606 3473 618 3505 ;
643 3462 686 3497 et
701 3455 880 3496 tandem
897 3454 1069 3495 coelesti

267 3530 372 3557 voce
394 3528 629 3570 percussus
651 3514 935 3556 convertitur.
974 3513 1069 3553 Ma-

264 3573 436 3629 gisterii
458 3587 568 3613 onus
596 3587 696 3614 cum
719 3572 971 3626 abjecisset,
994 3573 1068 3612 ad-

267 3647 417 3674 versus
440 3631 729 3673 Academicos
753 3631 918 3672 scribit.

270 3690 510 3733 Mediolani
563 3689 856 3745 Baptismum,
918 3689 1067 3730 minis-

266 3758 409 3793 trante
452 3748 699 3800 Ambrosio,
741 3747 926 3803 suscipit
966 3762 1065 3790 cum

1177 962 1270 991 Ann.

1141 998 1203 1028 [ΕΙ--
1222 998 1310 1034 vulg.

1139 1152 1242 1197 388.

1137 1388 1239 1432 389.

1136 1565 1239 1609 392.

1135 1624 1240 1667 394.

1136 1683 1241 1728 395.

1133 1861 1238 1905 396.

1131 1978 1236 2030 397.

1129 2156 1232 2200 398.

1129 2275 1234 2318 402.

1128 2393 1232 2436 405.

1128 2569 1230 2613 408.

1128 2629 1231 2672 411.

1126 2924 1231 2967 413.

1125 3041 1227 3091 417.

1125 3159 1227 3202 420.

1124 3218 1227 3260 424.

1067 3305 1070 3311 -
1124 3277 1227 3320 426.

1124 3393 1226 3437 428.

1122 3453 1225 3496 429.

1124 3570 1224 3613 430.

1274 1035 1364 1077 filio
1387 1049 1466 1077 suo
1482 1035 1725 1077 Adeodato.
1778 1034 2006 1080 Monnicae
2027 1039 2083 1080 ad

1274 1095 1401 1137 Ostia
1421 1094 1631 1137 Tiberina
1651 1095 1812 1137 obitus.

1276 1154 1554 1210 Augustinus
1605 1155 1650 1196 in
1697 1154 1897 1197 Africam
1949 1156 2078 1198 redit.

1271 1214 1527 1254 Adeodatus
1550 1213 1732 1269 optimae
1749 1214 1910 1256 indolis
1932 1222 1979 1257 et
2000 1216 2082 1257 mi-

1268 1272 1420 1313 rabilis
1437 1272 1606 1328 ingenii
1623 1287 1748 1328 puer,
1765 1279 1907 1315 morte
1924 1274 2082 1317 imma-

1270 1338 1371 1372 tura
1391 1331 1660 1387 praeripitur.

1273 1390 1551 1446 Augustinus
1574 1392 1806 1447 presbyter
1821 1392 2081 1448 Hipponen-

1272 1449 1333 1490 sis
1369 1449 1598 1491 ordinatur
1630 1450 1684 1491 ab
1718 1451 1928 1507 episcopo
1961 1451 2078 1493 illius

1270 1507 1487 1550 Ecclesiae
1506 1508 1699 1550 Valerio.

1271 1567 1496 1608 Adversus
1520 1567 1796 1610 Manichaeos
1820 1568 1991 1613 scribit.

1274 1626 1533 1668 Donatistas
1555 1626 1735 1668 refellit.

1277 1685 1582 1741 Hipponensis
1620 1686 1873 1743 episcopus,
1911 1688 2076 1731 Valerii

1270 1744 1516 1800 coadjutor,
1539 1759 1654 1787 anno
1686 1752 1873 1787 exeunte
1903 1748 2078 1790 ordina-

1265 1810 1351 1845 tur.

1269 1862 1436 1904 Valerii
1450 1863 1756 1919 Hipponensis
1772 1864 1970 1922 episcopi
1983 1865 2077 1908 obi-

1266 1927 1352 1963 tus.

1269 1980 1548 2036 Augustinus
1602 1981 1918 2025 Confessiones
1973 1997 2074 2026 suas

1265 2040 1432 2082 scribit.
1493 2041 1700 2092 Arianos,
1753 2043 1807 2084 de
1856 2043 2076 2086 Trinitate

1265 2106 1478 2149 tractans,
1501 2100 1679 2142 refellit.

1269 2157 1520 2200 Concilium
1549 2159 1905 2216 Carthaginense
1930 2162 2006 2213 1V,
2028 2162 2073 2203 in

1259 2231 1344 2272 quo
1367 2218 1493 2259 adest
1512 2219 1806 2275 Augustinus,

1264 2277 1469 2318 Petiliani
1524 2278 1775 2320 Donatistae
1837 2279 2071 2335 epistolam

1264 2335 1478 2377 confutat.

1267 2394 1498 2436 Caeciliani
1548 2396 1806 2450 praesidium
1863 2396 2072 2452 implorat

1264 2454 1473 2495 adversus
1492 2455 1845 2510 Hipponensium
1865 2456 2073 2497 Donatis-

1264 2519 1410 2553 tarum
1433 2513 1771 2555 immanitatem.

1266 2573 1333 2613 De
1349 2572 1468 2613 urbis
1487 2573 1639 2614 Romae
1655 2573 1883 2614 obsidione
1898 2574 2071 2617 scribit.

1268 2630 1459 2672 Collatio
1483 2631 1755 2687 Carthagine
1780 2633 1931 2674 habita
1951 2633 2068 2674 inter

1261 2690 1495 2745 episcopos
1539 2690 1798 2732 Catholicos
1841 2699 1885 2732 et
1920 2692 2069 2734 Dona-

1259 2749 1405 2797 tistas,
1423 2749 1468 2789 in
1491 2763 1576 2804 qua
1587 2750 1864 2805 Augustinus
1886 2751 2068 2793 eminet.

1259 2807 1519 2864 Pelagianos
1547 2823 1716 2850 errores
1739 2816 1972 2851 nascentes
1994 2824 2072 2866 op-

1262 2874 1445 2923 pugnat.

1262 2927 1331 2966 Ad
1373 2926 1653 2968 scribendum
1697 2941 1825 2969 suum
1866 2942 1976 2983 opus
2015 2929 2068 2970 de

1259 2984 1451 3026 Civitate
1475 2985 1559 3026 Dei
1581 2985 1778 3027 animum
1800 2987 2000 3043 appellit.

1262 3045 1328 3085 De
1350 3045 1489 3100 gestis
1511 3044 1762 3087 Palaestinae
1780 3047 1934 3101 synodi
1950 3047 2068 3088 circa

1260 3103 1488 3158 Pelagium
1509 3104 1676 3144 scribit.

1261 3162 1618 3203 Priscillianistas
1640 3164 1889 3218 impugnat.

1264 3220 1640 3276 Semipelagianos
1663 3222 1879 3262 confutat.

1265 3278 1524 3320 Heraclium
1540 3281 1849 3335 presbyterum
1867 3280 1950 3322 sibi
1969 3295 2066 3323 suc-

1258 3351 1481 3378 cessorem
1503 3338 1721 3394 designat.

1260 3396 1417 3437 Libros
1442 3397 1823 3438 Retractationum
1847 3399 2014 3440 scribit.

1259 3455 1470 3510 Epistolis
1494 3456 1697 3511 Prosperi
1731 3466 1775 3498 et
1806 3456 1965 3498 Hilarii
1997 3473 2063 3500 re-

1258 3514 1459 3567 spondet.

1258 3573 1467 3614 Vandalis
1520 3574 1670 3615 urbem
1724 3575 2059 3631 Hipponensem

1256 3631 1574 3682 obsidentibus,
1627 3634 1760 3674 tertio
1820 3634 2061 3676 obsidionis

1256 3704 1407 3732 mense
1429 3690 1636 3747 migravit
1656 3693 1709 3733 ad
1729 3693 1969 3735 Dominum
1992 3693 2062 3735 die

1252 3749 1469 3806 vigesima
1490 3757 1646 3794 octava
1667 3753 1830 3795 mensis
1853 3752 2059 3808 Augusti.
