2378 4134
539 241 1148 297 CONFESSIONUM
1186 240 1425 294 LIBER
1464 243 1539 294 ΙΙ.
1898 245 1965 293 19

109 378 162 428 Ο
186 375 395 429 tardum
422 372 676 442 gaudium
702 371 910 426 meum!
950 374 1198 427 Tacebas
1225 380 1374 437 tunc,
1403 379 1460 425 et
1489 389 1592 440 ego
1624 372 1771 425 ibam
1802 390 1965 442 porro

109 463 271 529 longe
303 478 338 515 a
369 466 421 512 te
445 460 504 511 in
534 461 690 528 plura
713 466 767 512 et
788 460 946 528 plura
973 458 1178 513 sterilia
1204 457 1414 511 semina
1445 457 1708 524 dolorum,
1732 459 1967 527 superba

107 545 428 616 dejectione,
452 550 508 597 et
530 544 772 614 inquieta
791 544 1124 597 lassitudine.
1306 542 1312 549 ’

181 635 234 682 3.
271 630 409 691 Quis
453 629 587 681 mihi
634 627 1030 683 modularetur*
1058 618 1349 682 aemmna'm
1396 646 1590 692 meam,
1636 635 1693 680 et
1736 628 1966 680 novissi-

107 734 315 769 marum
338 733 512 767 rerum
537 714 758 782 fugaces
781 715 1212 784 pulchritudines
1235 715 1293 765 in
1315 732 1475 766 usum
1500 720 1742 778 verteret,
1759 732 1967 766 earum—

109 819 216 871 que
263 800 621 853 suavitatibus
663 807 834 852 metas
875 800 1196 870 praefigeret,
1236 806 1301 851 ut
1339 816 1514 869 usque
1562 798 1636 851 ad
1680 797 1967 869 conjugale

106 887 259 938 littus
295 891 654 937 exaestuarent
689 886 886 938 fluctus
923 886 1098 938 aetatis
1131 903 1286 949 meae,
1320 885 1368 936 si
1403 883 1765 954 tranquillitas
1794 884 1854 935 in
1888 884 1968 936 eis

106 989 217 1022 non
258 977 471 1039 poterat
517 988 655 1035 esse,
699 970 807 1022 fine
854 970 1304 1039 procreandorum
1353 969 1644 1022 liberorum
1692 975 1967 1033 contenta,

106 1055 250 1108 sicut
276 1054 580 1124 praescribit
607 1056 699 1106 lex
727 1061 838 1118 tua,
873 1055 1125 1119 Domine,
1159 1055 1254 1125 qui
1286 1055 1483 1107 formas
1511 1054 1672 1107 etiam
1711 1055 1965 1124 propagi-

106 1159 231 1192 nem
278 1140 463 1192 mortis
512 1147 707 1192 nostrae
728 1138 771 1203 *‚
819 1147 1014 1209 potens
1060 1139 1337 1209 imponere
1381 1141 1560 1192 lenem
1616 1158 1838 1192 manum
1895 1139 1968 1192 ad

106 1231 585 1294 temperamentum
622 1225 897 1294 spinarum
936 1244 969 1278 a
1003 1225 1255 1295 paradiso
1294 1232 1389 1278 tuo
1429 1225 1796 1278 seclusarum?
1838 1227 1966 1278 Non

106 1311 250 1363 enim
286 1312 448 1378 longe
485 1317 568 1363 est
605 1329 638 1363 a
672 1311 831 1363 nobis
868 1311 1260 1379 omnipotentia
1295 1318 1407 1376 tua,
1440 1312 1604 1363 etiam
1639 1330 1766 1364 cum
1802 1313 1966 1378 longe

106 1414 291 1447 sumus
328 1414 361 1448 a
397 1402 465 1447 te.
541 1398 652 1447 Aut
687 1402 830 1448 certe
868 1397 1103 1448 sonitum
1138 1396 1368 1447 nubium
1405 1403 1616 1448 tuarum
1653 1396 1967 1463 vigilantius

105 1481 462 1532 adverterem:
532 1481 955 1534 Tribulationem
1004 1488 1190 1533 autem
1240 1484 1426 1533 carnis
1463 1481 1737 1534 habebunt
1777 1483 2002 1551 hujus-1
2029 1491 2123 1530 Cor.

104 1566 252 1616 modi
270 1588 288 1622 ‚·
330 1584 422 1633 eqo
446 1573 630 1618 aedem
657 1566 796 1618 cobis·
822 1584 991 1632 parco
1007 1588 1026 1624 ,·
1068 1573 1140 1630 et,
1167 1568 1385 1618 Bonum
1420 1575 1502 1618 est
1532 1569 1741 1619 homini
1772 1570 1965 1619 mulie·
1982 1546 2109 1650 Ξὲῗθι·

102 1669 216 1702 rem
245 1669 349 1703 non
376 1658 597 1718 tangere
616 1674 634 1709 ,·
678 1660 748 1716 et,
777 1652 890 1708 Qui
913 1655 1030 1704 sine
1055 1671 1225 1704 uxore
1247 1660 1346 1717 est,
1373 1655 1577 1719 coyitat
1599 1671 1665 1704 ea
1691 1671 1807 1722 quae
1837 1660 1966 1705 sunt
1981 1643 2060 1717 ver:
2079 1643 2150 1726 322.

105 1738 233 1801 Dei,
265 1737 522 1805 quomodo
551 1739 775 1804 placeat
813 1740 962 1790 Deo:
1007 1739 1104 1806 qui
1138 1745 1324 1789 antem
1363 1740 1713 1789 matrimonio
1730 1734 2046 1806 junctus-33·

103 1828 202 1884 est,
227 1824 428 1889 coyz‘tat
454 1841 517 1874 ea
545 1841 660 1891 φατὶ
684 1831 814 1875 senet
837 1824 1051 1888 mundi,
1075 1824 1334 1892 quomodo
1350 1825 1574 1890 placeat
1598 1825 1775 1874 taz-ori.
1841 1825 1964 1876 Has

104 1923 232 1973 ergo
260 1925 419 1960 voces
446 1907 755 1960 exaudirem
779 1908 1102 1975 vigilantior,
1129 1915 1183 1960 et
1207 1909 1452 1960 abscisus
1485 1916 1704 1978 propter
1738 1926 1963 1976 regnum
1981 1917 2026 1954 M
2032 1918 2163 1965 at.19,

103 1993 379 2057 coelorum,
403 1994 607 2047 felicior
631 2002 1001 2064 exspectarem
1026 1997 1311 2064 amplexus
1336 2002 1474 2047 tuos,
1984 1972 2045 2010 '²'

175 2083 225 2129 4.
266 2079 374 2131 Sed
406 2080 630 2132 efferbui
666 2080 843 2145 miser,
874 2099 1106 2150 sequens
1139 2082 1402 2150 impetum
1434 2082 1618 2132 fluxus
1643 2082 1750 2132 mei
1775 2082 1961 2134 relicto

102 2170 188 2226 te;
243 2174 298 2215 et
336 2165 547 2216 excessi
584 2166 764 2217 omnia
804 2166 1048 2233 legitima
1087 2173 1198 2232 tua,
1240 2185 1340 2219 nec
1386 2167 1533 2219 evasi
1577 2167 1793 2233 flagella
1835 2173 1958 2219 tua:

102 2248 225 2317 quis
250 2249 392 2300 enim
414 2250 521 2302 hoc
554 2250 893 2303 mortalium?
953 2253 1095 2304 Nam
1119 2259 1180 2304 tu
1204 2270 1412 2321 semper
1445 2251 1632 2304 aderas
1661 2252 1960 2304 misericor—

101 2333 239 2385 diter
273 2334 516 2399 saevienS,
551 2342 606 2388 et
638 2336 982 2388 amarissimis
1022 2355 1312 2406 aspergens
1345 2337 1734 2389 offensionibus
1773 2355 1960 2388 omnes

100 2418 316 2471 illicitas
350 2418 719 2488 jucunditates
757 2440 922 2487 meaS,
958 2428 1021 2473 ut
1058 2422 1135 2474 ita
1173 2441 1464 2492 quaererem
1502 2422 1618 2474 sine
1661 2423 1959 2474 offensione

91 2502 412 2570 jucundari;
470 2511 523 2555 et
564 2505 660 2556 ubi
700 2506 807 2558 hoc
858 2524 1092 2575 possem,
1135 2524 1245 2558 non
1294 2508 1589 2559 invenirem
1641 2507 1958 2576 quidquam,

100 2595 295 2655 praeter
318 2596 388 2652 te,
415 2590 666 2653 Domine,
692 2598 885 2659 praeter
910 2598 961 2642 te
989 2593 1084 2659 qui
1099 2594 1308 2658 finyisb
1332 2593 1565 2643 dolorem
1593 2594 1650 2642 in
1669 2599 1959 2658 praecepto,
1978 2599 2046 2639 Ps.
2064 2602 2136 2649 93,

101 2678 156 2723 et
187 2673 423 2741 percutis
448 2681 508 2725 ut
531 2692 707 2740 saneS,
732 2681 787 2726 et
810 2675 1015 2728 occidis
1047 2693 1149 2727 nos
1171 2694 1240 2727 ne
1266 2676 1552 2728 moriamur
1576 2678 1674 2728 abs
1699 2688 1766 2727 te.
1845 2677 1959 2729 Ubi
1973 2656 2087 2761 {zm

100 2775 262 2822 eram,
289 2766 342 2811 et
372 2778 533 2828 quam
564 2761 727 2827 longe
761 2762 1078 2814 exsulabam
1111 2779 1144 2812 a
1180 2761 1387 2813 deliciis
1427 2761 1617 2813 domus
1654 2769 1779 2826 tuae,
1816 2780 1958 2814 anno
1972 2779 2043 2827 32,
2065 2751 2131 2816 33³.

101 2842 194 2894 illo
221 2851 376 2895 sexto
403 2845 611 2897 decimo
636 2846 811 2898 aetatis
837 2846 1013 2898 carnis
1036 2865 1189 2910 meae,
1216 2865 1339 2898 cum
1374 2848 1586 2916 accepit
1609 2847 1666 2897 in
1690 2866 1777 2898 me
1805 2865 1957 2915 scep-

101 2935 257 2992 trum,
297 2937 350 2981 et
390 2936 532 2982 totas
574 2949 763 3004 manus
803 2931 853 2983 ei
893 2931 1034 2995 dedi,
1068 2932 1288 2984 vesania
1330 2932 1574 2984 libidinis
1587 2930 1628 2998 *,
1660 2933 1957 2984 licentiosae

99 3031 197 3081 per
233 3013 467 3067 dedecus
504 3016 816 3080 humanum,
849 3017 1052 3069 illicitae
1092 3024 1270 3069 autem
1306 3035 1404 3086 per
1434 3019 1583 3085 leges
1620 3017 1777 3069 tuas?
1830 3019 1956 3068 Non

101 3097 203 3149 fuit
227 3117 355 3150 cura
378 3118 617 3152 meorum
642 3108 883 3153 ruentem
909 3102 1160 3171 excipere
1184 3120 1271 3153 me
1296 3103 1666 3165 matrimoni03
1706 3102 1801 3154 sed
1828 3121 1957 3154 cura

101 3181 203 3233 suit
238 3190 443 3237 tantum
482 3192 542 3237 ut
575 3185 834 3239 discerem
869 3205 1167 3239 sermonem
1202 3187 1375 3239 facere
1409 3206 1572 3256 quam
1597 3187 1876 3256 optimum,
1902 3194 1957 3239 et

101 3267 421 3335 persuadere
448 3269 699 3323 dictione.

159 3438 179 3468 b
202 3439 331 3493 Fingis
342 3441 445 3481 enim
456 3449 528 3492 est,
539 3443 647 3491 facis,
659 3443 816 3490 formas,
828 3444 998 3498 plasmas
1052 3444 1142 3485 istos
1158 3445 1257 3486 filios
1274 3446 1328 3486 sic
1349 3445 1502 3486 voluisti
1519 3458 1701 3486 exercere
1717 3451 1758 3485 et
1783 3445 1950 3494 erudire,

101 3494 332 3542 —Formas,
368 3494 508 3548 inquit.
536 3497 708 3538 dolorem
746 3498 786 3538 in
820 3506 996 3552 peccato,
1052 3499 1108 3538 sic
1137 3499 1292 3539 voluisti
1326 3500 1382 3540 eis
1418 3507 1615 3553 praecepta
1650 3500 1757 3546 dare,
1795 3506 1840 3538 ut
1872 3513 1950 3539 non

101 3548 126 3586 i.
145 3560 182 3587 e.
207 3548 256 3588 de
283 3548 416 3588 dolore
435 3558 672 3605 praeceptum
693 3553 803 3592 nobis
826 3553 936 3599 facis,
954 3559 999 3592 ut
1052 3560 1180 3593 essent
1213 3553 1294 3593 sine
1329 3554 1479 3601 timore,
1511 3567 1559 3593 ne
1595 3559 1771 3592 amarent
1803 3553 1949 3607 aliquid

100 3601 182 3654 ipse
194 3601 305 3641 dolor
320 3610 558 3656 praeceptum
569 3604 615 3645 sit
629 3606 753 3646 nobis.
785 3607 994 3654 Quomodo
1048 3607 1171 3655 aliud,
1191 3614 1230 3646 et
1243 3607 1562 3647 obliviscerentur
1580 3614 1618 3648 te
1635 3621 1771 3648 verum
1801 3609 1947 3661 bonum

101 3655 212 3695 nobis
227 3655 338 3695 dolor
355 3663 413 3696 est
437 3662 700 3713 praeceptum'!
756 3661 928 3708 Quando
954 3668 992 3701 te
1046 3674 1177 3702 suum.
1213 3660 1255 3701 S.
1278 3661 1384 3715 Aug.
1403 3663 1452 3701 ad
1471 3662 1550 3701 loc.

99 3709 273 3762 flagellat
290 3710 356 3763 qui
377 3724 446 3765 pro
465 3718 501 3752 te
519 3719 695 3753 mortuus
719 3721 789 3754 est.
844 3714 927 3762 Qui
951 3722 991 3755 et

975 3789 1067 3834 οἳ
