2378 4134
1014 210 1289 262 INDEX.

259 361 378 391 sunm
404 346 692 396 cassiciacum,
723 346 813 387 148.
854 345 918 386 Fit
946 344 1114 387 Christi-

262 414 364 444 anus
379 402 423 442 in
439 409 616 443 extrema
634 398 883 455 egritudine,
898 399 956 440 ib.
987 400 1116 441 Mori·

261 463 326 497 tm·
344 461 485 509 agente
505 456 652 496 Romo
668 455 797 508 Augv.
815 453 871 494 ib.

211 510 383 552 Veritas.
423 510 584 551 Mentes
601 515 742 550 nostre
770 521 849 549 non
867 508 918 548 de
937 507 1115 557 veritate,

261 565 330 605 sed
357 565 573 606 secundum
601 564 727 626 ipsam
755 562 805 604 de
833 561 987 603 caeteris
1008 561 1115 616 judi-

263 626 370 664 cant.
394 620 486 658 118.
535 621 691 660 Veritas
711 630 801 670 quae
825 623 973 657 aeterna
997 625 1057 657 est
1077 624 1118 658 et

265 672 450 712 omnibus
492 672 712 727 praeminet,
755 671 838 726 ipse
883 671 998 711 Deus
1039 678 1115 718 est,

266 727 366 767 243.
402 727 571 766 AEterna
591 725 733 766 veritas
760 724 967 778 grandium
988 725 1118 772 cibus,

269 782 336 831 qui
355 793 432 820 non
444 787 618 820 mutatur
631 780 672 820 in
686 793 777 820 eum
797 793 820 819 a
841 793 919 832 quo
939 779 1118 824 sumitur,

269 835 338 874 sed
355 847 378 875 e
396 841 545 881 eontra,
566 836 659 876 115.
696 836 823 874 Beata
842 833 925 873 vita
945 834 1041 873 nihil
1061 841 1121 874 est

270 889 380 928 aliud
401 900 520 941 quam
540 889 727 942 gaudium
746 889 796 928 de
817 888 992 934 veritate,
1012 889 1102 929 184.

217 942 376 983 Veritas
394 942 611 983 communis
627 950 686 983 est
704 941 895 989 omnium,
911 943 1007 982 242.
1037 942 1118 990 Qui

265 996 350 1036 vult
366 996 510 1036 habere
526 997 730 1037 veritatem
751 997 963 1051 privatam,
984 997 1121 1037 timeat

267 1063 316 1091 ne
337 1064 385 1090 ea
401 1052 587 1103 privetur,
602 1052 657 1092 ib.
697 1053 781 1092 Cur
801 1056 812 1073 ‘
827 1050 971 1091 veritas
985 1051 1118 1091 odium

266 1105 399 1157 parit,'
425 1107 513 1146 185.

215 1160 435 1199 Veritatem
452 1159 628 1199 homines
646 1167 783 1200 amant
797 1159 1007 1208 lucentem,
1025 1159 1119 1200 ode·

268 1220 358 1253 runt
377 1214 696 1265 redarguentem,
714 1214 770 1254 ib.

216 1268 367 1308 Verum
402 1269 562 1320 quando
592 1268 749 1315 dicitur,
778 1267 996 1322 inspirante
1031 1269 1121 1308 Deo

270 1321 427 1367 dicitur,
460 1323 555 1362 272.
617 1323 727 1362 Deus
756 1323 864 1362 solus
896 1330 955 1363 est
988 1322 1123 1363 doctor

269 1376 364 1421 veri,
386 1377 477 1422 168,
495 1375 548 1416 ib.

216 1429 444 1471 Victorinus
481 1430 610 1471 rhetor
642 1429 747 1470 urbis
784 1429 937 1477 Romae,
978 1430 1116 1471 Latine

270 1484 384 1524 vertit
422 1484 540 1523 libros
575 1485 765 1538 quosdam
804 1484 1115 1531 Platonicorum,

273 1540 365 1578 127.
405 1538 584 1578 Statuam
604 1539 642 1578 in
666 1539 850 1578 Romano
863 1539 943 1579 foro
961 1539 1115 1587 meruit,

269 1593 324 1631 ib.
391 1593 507 1645 Legit
546 1595 589 1633 S.
627 1593 868 1646 scripturam
915 1600 955 1633 et
995 1594 1116 1634 libros

270 1646 597 1694 Christianorum,
642 1648 730 1686 128.
798 1660 844 1686 ac
885 1648 1058 1701 publice,
1094 1661 1117 1688 a

268 1700 522 1753 Simpliciano
537 1701 758 1753 instigatus,
771 1701 973 1755 profitetur
983 1702 1117 1750 fidem,

271 1755 362 1793 129.
391 1754 575 1794 Scholam
591 1756 731 1796 deserit
744 1757 794 1795 ob
808 1756 935 1808 legem
951 1757 1117 1801 Juliani.

271 1821 351 1860 qua
371 1809 531 1848 vetitum
552 1818 608 1850 est
630 1810 863 1850 Christianis
895 1811 1035 1851 docere
1055 1811 1116 1850 lit·

271 1869 375 1901 teras
419 1871 459 1902 et
504 1865 728 1907 oratoriam.
773 1866 861 1903 131.
922 1864 1117 1917 judicium

274 1916 506 1970 Hieronymi
520 1925 559 1957 et
576 1918 776 1959 Gennadii
797 1918 845 1957 de
857 1917 942 1970 ejus
953 1919 1118 1973 scriptis,

278 1971 368 2018 127,
390 1984 428 2009 n.

223 2022 379 2064 Videre.
407 2024 532 2064 Aliter
561 2027 688 2071 Deus,
718 2026 831 2066 aliter
866 2026 982 2067 homo
1014 2028 1121 2068 videt

272 2085 420 2126 creata,
437 2081 532 2119 279.

220 2131 495 2173 Vindemiales
513 2134 633 2184 feriae,
657 2136 747 2175 146.

1984 221 2087 268 323

1172 344 1440 387 vindicianus
1481 357 1603 386 senex
1649 346 1843 393 medicus.
1880 349 1951 398 48,
1993 350 2085 392 109.

1225 399 1436 462 proconsul
1457 411 1643 440 coronam
1673 402 1931 454 agonisticam
1951 403 2084 459 Augo.

1227 461 1482 508 imposuerat.
1518 453 1572 494 ib.
1620 467 1742 509 quem
1768 456 1820 496 ab
1850 457 2080 512 Astrologo-

1226 521 1315 548 rum
1331 507 1471 548 naeniis
1487 506 1633 549 frustra
1653 522 1832 550 revocare
1851 513 2010 565 satagit,
2024 513 2080 554 ib.

1175 562 1375 602 Vindicta
1395 561 1565 602 aviditas
1585 564 1689 604 unde
1708 566 1871 612 oriatur,
1889 566 1960 606 22.

1175 615 1366 669 Virgilius
1382 623 1515 670 poeta.
1542 617 1605 665 11,
1630 619 1696 664 12,
1718 619 1785 658 14.

1174 669 1357 712 Visiones
1383 677 1424 710 et
1451 683 1637 724 responsa
1656 671 1861 712 Monnicoe
1881 671 1993 723 data,
2011 674 2079 719 42,

1228 726 1297 771 43,
1317 725 1386 769 73.
1406 725 1475 773 82,
1501 726 1594 765 100.

1175 779 1280 819 vitoe
1301 779 1418 833 hujus
1437 778 1605 824 miseria,
1630 779 1720 819 186.

1175 834 1352 886 Ungulae
1372 841 1412 873 et
1433 833 1620 886 Equulei‚
1639 835 1680 874 8.

1176 889 1307 928 Unus.
1336 887 1450 927 Nihil
1480 894 1539 927 est
1565 901 1665 936 esse,
1682 901 1801 940 quam
1831 902 1952 929 unum
1982 902 2080 936 esse,

1232 943 1297 988 17,
1318 956 1360 982 n.
1399 942 1543 983 Unitas
1565 942 1645 982 Dei
1663 945 1838 982 omnium
1867 945 2021 994 modus,
2041 947 2081 991 7,

1228 997 1325 1036 250.
1348 997 1550 1037 Unitatem
1562 996 1600 1036 in
1618 1005 1809 1049 quantum
1827 998 2000 1052 quinque
2012 1000 2082 1038 ad·

1231 1050 1409 1104 ipiscitur
1448 1050 1645 1090 intantum
1677 1058 1751 1098 est,
1786 1052 1852 1098 17,
1882 1066 1925 1093 n.
1982 1053 2082 1093 Uni-

1230 1118 1384 1145 versum
1403 1118 1450 1145 ex
1475 1105 1651 1160 partibus
1679 1106 1856 1160 pulchris
1883 1118 2084 1154 constanS,

1228 1159 1431 1213 pulchrius
1458 1160 1574 1213 longe
1592 1167 1651 1199 est
1669 1173 1789 1213 quam
1819 1162 1917 1215 ipsae
1937 1170 2080 1217 partes.

1227 1215 1320 1252 274.
1353 1214 1470 1267 idque
1487 1214 1525 1253 vi
1543 1213 1720 1259 unitatis.
1737 1216 1833 1264 274,
1855 1229 1895 1256 n.

1178 1267 1416 1307 Voluntates
1434 1269 1526 1307 duae
1550 1269 1756 1308 contrariae
1784 1283 2082 1324 nonnumquam

1234 1322 1274 1360 in
1293 1322 1466 1367 homine,
1491 1323 1582 1361 132.

1180 1375 1378 1416 Voluntas
1397 1383 1510 1416 vetus
1528 1376 1699 1416 carnalis
1717 1385 1756 1417 et
1775 1390 1878 1418 nova
1896 1378 2083 1431 spiritalis

1226 1429 1267 1469 in
1287 1432 1413 1483 Augv.
1435 1431 1487 1470 ib.
1521 1430 1717 1470 Voluntas
1730 1431 1838 1472 fortis
1859 1440 1897 1472 et
1913 1434 2079 1486 integra,

1225 1485 1409 1524 voluntas
1443 1484 1710 1533 semi-saucia,
1747 1487 1930 1527 voluntas
1967 1496 2078 1541 parte

1226 1551 1448 1590 assurgens,
1480 1546 1520 1579 et
1545 1552 1635 1578 cum
1663 1541 1740 1579 alia
1771 1550 1880 1594 parte
1911 1543 2080 1583 cadente

1226 1593 1393 1642 luctans,
1420 1595 1510 1633 138.

1175 1648 1372 1701 Voluptas
1409 1647 1550 1688 earnis.
1606 1649 1672 1689 Ab
1708 1662 1758 1690 ea
1793 1650 2076 1691 continentiam

1227 1703 1340 1742 Deus
1362 1702 1475 1754 jubet
1505 1710 1542 1742 et
1569 1705 1650 1748 dat,
1676 1706 1767 1744 187.
1796 1700 1918 1757 Augl.
1943 1719 2077 1759 pugna

1227 1769 1276 1795 ne
1306 1757 1575 1810 voluptatibus
1603 1771 1788 1798 sensuum
1810 1759 2004 1812 capiatur,
2025 1762 2079 1802 ib.

1226 1817 1302 1849 ets
1363 1840 1372 1849 .

1175 1865 1260 1906 Uti.
1295 1825 1390 1905 Q„
1421 1866 1577 1919 prodest
1607 1866 1713 1906 bona
1746 1880 1808 1907 res
1842 1881 1920 1907 non
1951 1869 2078 1909 utenti

1229 1920 1345 1965 bene,
1367 1921 1434 1959 61.

1178 1974 1288 2014 Uxor
1315 1975 1488 2028 prudens
1513 1982 1553 2014 et
1573 1974 1802 2015 Christiana
1830 1975 2077 2026 describitur,

1236 2030 1310 2068 159
1347 2042 1434 2082 sqq.
1482 2029 1593 2068 Uxor
1631 2028 1711 2068 viro
1750 2038 1908 2084 propter
1944 2032 2078 2071 Deum

1229 2082 1415 2131 serviens,
1445 2084 1534 2124 Deo
1556 2084 1687 2129 servit,
1711 2085 1772 2123 10.

1069 2681 1238 2720 FINIS.

770 3769 1045 3800 Excunmtxr
1064 3770 1119 3799 W.
1144 3770 1337 3809 BAx‘rzn,
1360 3769 1546 3800 oxoml.
