2378 4134
396 206 510 266 >236
856 249 859 253 -
882 212 942 268 S.
971 212 1415 270 AUGUSTINI
1453 213 1816 270 EPISCOPI

360 333 363 338 ”
400 362 672 400 summum
718 353 774 400 et
815 364 1003 401 verum
1044 348 1285 400 bonum:
1346 353 1402 400 et
1441 366 1556 402 non
1598 356 1823 414 avertar,
1864 347 2039 403 donec
2077 349 2138 401 in
2178 347 2315 420 ejus
2339 380 2367 413 4;

398 450 596 504 pacem
633 433 823 487 matris
861 434 1216 501 charissimae,
1254 434 1352 488 ubi
1390 441 1519 488 sunt
1550 438 1835 504 primitiae
1869 437 2134 504 spiritus·
2171 434 2331 502 meis?
2364 485 2367 487 ,

400 519 549 574 unde
581 520 720 573 mihi
742 522 851 575 ista
875 528 1023 575 certa
1049 528 1193 587 sunt,
1220 522 1452 591 colligas
1486 528 1664 576 totum
1691 522 1841 595 quod
1867 541 2006 587 sum,
2034 541 2067 576 a
2091 521 2301 593 disper·
2367 565 2371 569 .

403 607 588 661 sione⁸
627 613 683 661 et
720 607 1061 662 deformitate
1103 609 1229 673 hac,
1269 615 1324 661 et
1362 609 1668 663 conformes
1707 617 1873 681 atque
1913 608 2204 663 confirmes
2240 608 2331 662 in·
2367 621 2370 631 ²

403 701 684 761 aeternum,
710 696 867 749 Deus
896 714 1071 762 meuS,
1097 694 1472 749 misericordia
1494 714 1634 750 mea.
1713 697 1858 751 Cum
1881 696 1970 748 his
1997 702 2179 749 autem
2206 695 2319 766 qui

402 788 604 836 cuncta
639 782 736 835 illa
774 801 899 852 quae
936 799 1065 835 vera
1101 790 1246 845 sunt,
1273 782 1411 835 falsa
1443 801 1562 836 esse
1593 801 1708 836 non
1740 783 1947 848 dicunt,
1971 782 2305 836 honorantes
2375 811 2378 850 1

402 876 459 922 et
492 869 552 921 in
590 869 828 923 culmine
863 868 1161 940 sequendae
1201 869 1543 923 auctoritatis
1578 871 1872 924 nobiscum
1910 870 2305 923 constituentes
2375 853 2378 896 ⁴³

401 957 554 1010 illam
579 974 680 1026 per
704 962 955 1010 sanctum
981 958 1221 1027 Moysen
1253 957 1456 1010 editam
1491 964 1737 1012 sanctam
1765 958 2102 1028 Scripturam
2134 963 2304 1022 tuam,
2375 973 2378 976 ⁴

403 1055 461 1097 et
503 1049 684 1096 tamen
726 1044 892 1097 nobis
936 1043 1148 1115 aliquid
1192 1044 1594 1112 contradicunt,
1634 1045 1711 1098 ita
1751 1045 1980 1116 loquor:
2036 1045 2125 1097 Tu
2169 1051 2305 1108 est0‚

404 1130 564 1184 Deus
612 1137 816 1196 noster,
860 1131 1062 1185 arbiter
1103 1132 1247 1184 inter
1290 1132 1665 1186 confessiones
1707 1151 1858 1186 meas
1902 1138 1958 1184 et
2001 1131 2305 1186 contradic-

404 1218 585 1271 tiones
611 1235 816 1272 eorum.

220 1316 377 1381 XVII..
480 1309 571 1357 24.
611 1305 825 1359 Dicunt
858 1306 1006 1359 enim
1027 1327 1039 1360 :
1082 1308 1116 1334 “
1145 1307 1412 1368 Quamvis
1438 1325 1566 1361 vera
1592 1307 1703 1360 sint
1727 1308 1868 1372 haec,
1894 1325 2007 1359 non
2033 1325 2099 1360 ea
2122 1313 2306 1360 tamen

203 1376 262 1417 Ut
283 1373 380 1415 coeh
408 1390 518 1445 duo
563 1393 793 1462 Moyses
835 1393 1168 1459 intuebatur,
1211 1413 1337 1447 cum
1377 1395 1651 1448 revelante
1696 1395 1892 1465 spiritu
1933 1393 2170 1448 diceret:
2232 1395 2307 1446 In

200 1440 242 1472 et
262 1439 375 1473 terrae

202 1487 372 1528 nomini·
398 1482 688 1549 principio
713 1481 865 1550 fecit
905 1483 1061 1534 Deus
1105 1484 1299 1535 coeleim
1338 1488 1394 1534 et
1433 1489 1659 1535 terram.
1740 1483 1870 1535 Non
1917 1482 2045 1534 coeli
2088 1481 2310 1534 nomine

202 1543 320 1640 ξῧῐᾱ
339 1605 380 1640 et
412 1568 750 1638 spiritualem
777 1569 864 1621 vel
888 1568 1316 1622 intellectualem
1351 1569 1505 1622 illam
1531 1577 1849 1635 creaturam,
1878 1587 2092 1639 semper
2115 1568 2312 1622 faciem

207 1654 396 1719 aliqdjn-
412 1655 521 1707 Dei
552 1655 1016 1725 contemplantem
1050 1655 1413 1724 significavit3
1455 1674 1557 1710 nec
1583 1663 1738 1710 terrae
1771 1656 1993 1709 nomine
2026 1655 2313 1708 informem

203 1711 350 1822 ἓξὲξ,
414 1741 746 1795 materiam.”
823 1742 856 1769 “
880 1740 1030 1803 Quid
1055 1742 1223 1810 igitur
1243 1740 1296 1794 ?’'
1355 1743 1389 1770 “
1419 1743 1583 1803 Quod
1602 1762 1703 1796 nos
1732 1743 2018 1808 dicimus,'’
2037 1742 2314 1813 inquiunt,

205 1829 450 1877 Gen.l.1.“
478 1829 586 1881 hoc
620 1829 715 1881 ille
753 1829 834 1880 vir
868 1829 1059 1892 sensit,
1087 1830 1195 1883 hoc
1231 1829 1412 1882 verbis
1448 1830 1570 1883 istis
1609 1831 1859 1884 elocutus
1896 1830 2028 1883 est.’'
2102 1831 2136 1857 “
2166 1828 2316 1891 Quid

415 1923 499 1969 est
534 1915 674 1968 illud
692 1915 745 1970 ?”
797 1916 831 1944 “
859 1917 1151 1982 Nomine,'’
1191 1917 1362 1982 aiunt,
1403 1917 1437 1945 “
1465 1919 1593 1971 coeli
1632 1925 1687 1971 et
1724 1925 1897 1983 terrae,
1937 1925 2111 1972 totum
2147 1918 2315 1970 istum

414 2003 689 2057 visibilem
727 2003 995 2058 mundum
1033 2005 1188 2075 prius
1226 2005 1605 2058 universaliter
1641 2012 1697 2059 et
1733 2006 1969 2059 breviter
2006 2004 2317 2074 significare

410 2091 604 2157 voluit,
634 2098 698 2144 ut
733 2097 931 2161 postea
970 2091 1241 2161 digereret
1279 2092 1487 2145 dierum
1527 2093 1954 2158 enumeratione,
1995 2093 2154 2164 quasi
2192 2091 2318 2145 arti-

413 2178 654 2245 culatim,
680 2179 936 2232 universa
975 2198 1098 2250 quae
1142 2187 1330 2233 sancto
1374 2179 1604 2250 Spiritui
1645 2181 1857 2250 placuit
1898 2180 1977 2232 sic
2020 2179 2316 2232 enuntiare.

412 2266 579 2319 Tales
606 2265 818 2336 quippe
851 2266 1105 2319 homines
1132 2274 1286 2319 erant
1308 2265 1460 2318 rudis
1485 2266 1580 2319 ille
1609 2274 1775 2337 atque
1810 2266 2045 2321 carnalis
2077 2266 2320 2336 populus

415 2353 506 2405 cui
541 2353 886 2423 loquebatur,
913 2360 974 2406 ut
1006 2353 1087 2406 eis
1126 2371 1294 2423 opera
1320 2353 1428 2406 Dei
1461 2371 1573 2406 non
1611 2354 1719 2406 nisi
1757 2355 1874 2407 sola
1907 2353 2146 2406 visibilia
2172 2370 2320 2405 com-

414 2440 729 2493 mendanda
754 2439 1045 2511 judicaret.
1132 2441 1361 2493 Terram
1389 2458 1516 2492 vero
1542 2440 1874 2493 invisibilem
1913 2447 1968 2493 et
1998 2441 2321 2507 incomposi-

417 2534 552 2594 tam,
584 2529 1044 2598 tenebrosamque
1084 2529 1364 2597 abyssum,
1399 2526 1547 2580 unde
1587 2536 1985 2599 consequenter
2023 2526 2325 2580 ostenditur

415 2633 516 2686 per
548 2615 674 2668 illos
708 2614 826 2668 dies
864 2615 1010 2668 facta
1044 2622 1210 2686 atque
1244 2614 1515 2685 disposita
1549 2633 1669 2668 esse
1705 2622 1905 2669 cuncta
1938 2616 2047 2668 ista
2082 2614 2325 2667 visibilia

418 2720 542 2773 quae
580 2709 714 2755 nota
753 2709 880 2755 sunt
919 2702 1192 2766 omnibus,
1226 2720 1341 2754 non
1379 2702 1802 2770 incongruenter
1837 2702 2126 2755 informem
2162 2702 2324 2755 istam

416 2791 697 2843 materiam
723 2789 1140 2858 intelligendam
1168 2807 1288 2843 esse
1316 2789 1717 2842 consentiunt.”

491 2881 581 2929 25.
623 2876 775 2937 Quid
815 2877 859 2929 si
900 2876 1051 2930 dicat
1089 2877 1248 2941 alius,
1276 2876 1310 2903 ‘⁶
1339 2875 1588 2929 eamdem
1620 2875 2024 2942 informitatem,
2052 2875 2326 2929 confusio-

417 2981 656 3034 nemque
708 2964 969 3028 materiae,
1015 2966 1142 3016 coeli
1187 2970 1241 3016 et
1289 2970 1447 3016 terrae
1498 2963 1720 3015 nomine
1772 2964 1926 3032 prius
1977 2962 2326 3025 insinuatam,

422 3051 572 3122 quod
599 3070 671 3104 ex
699 3071 764 3105 ea
797 3051 1037 3105 mundus
1074 3053 1178 3105 iste
1217 3052 1453 3104 visibilis
1493 3071 1619 3105 cum
1660 3052 1914 3105 omnibus
1952 3053 2160 3106 naturis
2202 3071 2328 3123 quae

420 3140 479 3192 in
506 3159 571 3194 eo
597 3140 1039 3193 manifestissime
1067 3146 1349 3210 apparent,
1378 3138 1475 3209 qui
1501 3140 1623 3191 coeli
1648 3145 1702 3191 et
1730 3146 1888 3192 terroe
1921 3140 2145 3193 nomine
2180 3158 2328 3210 saepe

424 3229 692 3300 appellari
731 3230 887 3295 solet,
916 3227 1169 3282 conditus
1208 3234 1374 3298 atque
1413 3227 1687 3296 perfectus
1721 3234 1803 3280 est
1826 3227 1876 3280 ?'⁷
1932 3227 2083 3288 Quid
2111 3228 2332 3283 sidicat

422 3323 478 3370 et
504 3316 664 3383 aliuS,
692 3318 725 3344 “
754 3318 950 3369 coelum
981 3327 1036 3369 et
1072 3322 1280 3369 terram
1318 3312 1543 3384 quidem
1577 3314 1912 3367 invisibilem
1949 3315 2333 3387 visibilemque

423 3410 675 3458 naturam
712 3422 827 3458 non
863 3402 1183 3457 indecenter
1221 3402 1585 3473 appellatam3
1638 3420 1701 3455 ac
1728 3420 1840 3472 >per
1875 3402 1982 3456 hoc
2022 3402 2332 3456 universam

424 3498 729 3546 creaturam
761 3510 927 3562 quam
946 3491 1098 3561 fecit
1124 3490 1185 3543 in
1213 3488 1517 3559 Sapientia,
1542 3487 1602 3541 id
1628 3494 1712 3541 est
1735 3490 1795 3542 in
1823 3490 2134 3557 Principi‘O,
2160 3491 2334 3554 DeuS,

423 3577 808 3649 hujuscemodi
848 3578 1067 3631 duobus
1105 3575 1392 3631 vocabulis
1430 3592 1548 3628 esse
1587 3575 2069 3646 comprehensam:
2121 3593 2332 3629 verum-

480 3719 497 3742 ⁸
529 3716 623 3757 Vid.
646 3729 739 3772 sup.
758 3716 790 3758 1.
809 3715 865 3758 ix.
887 3716 922 3769 §.
943 3717 1013 3758 24.
1034 3730 1076 3760 v.
1105 3715 1175 3757 fin.
1206 3722 1246 3757 et
1276 3714 1345 3756 inf.
1461 3713 1476 3741 ²
1500 3712 1843 3769 Vid.1sup.1.ii.c.
1866 3715 1955 3755 Let
1967 3720 2050 3755 not.
2063 3726 2102 3755 a.
2115 3727 2158 3770 p.
2173 3711 2334 3755 18.l.ix.

426 3770 459 3813 1.
478 3770 562 3813 xiii.
583 3785 622 3814 c.
645 3772 715 3814 13.
1406 3771 1440 3822 ς.
1467 3769 1531 3811 10.
1550 3768 1582 3812 1:
1603 3782 1645 3811 x.
1664 3782 1700 3810 c.
1719 3769 1790 3811 29.
1806 3776 1847 3812 et
1867 3769 2060 3812 40.etib.
2079 3781 2119 3811 n.
2135 3766 2163 3810 i.
2180 3781 2221 3824 p.
2235 3769 2334 3816 201,
