<?xml version="1.0" encoding="UTF-8"?>
<!DOCTYPE html PUBLIC "-//W3C//DTD XHTML 1.0 Transitional//EN"
    "http://www.w3.org/TR/xhtml1/DTD/xhtml1-transitional.dtd">
<html xmlns="http://www.w3.org/1999/xhtml" xml:lang="en" lang="en">
 <head>
  <title>
</title>
<meta http-equiv="Content-Type" content="text/html;charset=utf-8" />
  <meta name='ocr-system' content='tesseract 3.04.00' />
  <meta name='ocr-capabilities' content='ocr_page ocr_carea ocr_par ocr_line ocrx_word'/>
</head>
<body>
  <div class='ocr_page' id='page_1' title='image "a545544600auguuoft_0322.png"; bbox 0 0 2378 4134; ppageno 0'>
   <div class='ocr_carea' id='block_1_1' title="bbox 301 190 406 237">
    <p class='ocr_par' dir='ltr' id='par_1_1' title="bbox 301 190 406 237">
     <span class='ocr_line' id='line_1_1' title="bbox 301 190 406 237; baseline 0.01 -1"><span class='ocrx_word' id='word_1_1' title='bbox 301 190 406 237; x_wconf 79' lang='lat'>304</span> 
     </span>
    </p>
   </div>
   <div class='ocr_carea' id='block_1_2' title="bbox 299 321 1220 601">
    <p class='ocr_par' dir='ltr' id='par_1_2' title="bbox 299 321 1220 601">
     <span class='ocr_line' id='line_1_2' title="bbox 303 321 1220 376; baseline 0 -11"><span class='ocrx_word' id='word_1_2' title='bbox 303 322 493 365; x_wconf 87' lang='lat' dir='ltr'>XXXII.</span> <span class='ocrx_word' id='word_1_3' title='bbox 522 322 579 363; x_wconf 89' lang='lat' dir='ltr'>Ut</span> <span class='ocrx_word' id='word_1_4' title='bbox 601 333 644 362; x_wconf 78' lang='lat' dir='ltr'>se</span> <span class='ocrx_word' id='word_1_5' title='bbox 671 321 777 376; x_wconf 77' lang='lat' dir='ltr'>gerit</span> <span class='ocrx_word' id='word_1_6' title='bbox 805 324 858 365; x_wconf 78' lang='lat' dir='ltr'>ad</span> <span class='ocrx_word' id='word_1_7' title='bbox 886 323 1052 366; x_wconf 82' lang='lat' dir='ltr'>odorum</span> <span class='ocrx_word' id='word_1_8' title='bbox 1081 325 1220 367; x_wconf 86' lang='lat' dir='ltr'>illece-</span> 
     </span>
     <span class='ocr_line' id='line_1_3' title="bbox 299 380 1220 498; baseline 0 -22"><span class='ocrx_word' id='word_1_9' title='bbox 299 380 519 498; x_wconf 48' lang='lat' dir='ltr'>XXXIII.</span> <span class='ocrx_word' id='word_1_10' title='bbox 549 433 609 475; x_wconf 92' lang='lat' dir='ltr'>Ut</span> <span class='ocrx_word' id='word_1_11' title='bbox 625 447 670 475; x_wconf 83' lang='lat' dir='ltr'>se</span> <span class='ocrx_word' id='word_1_12' title='bbox 687 433 790 489; x_wconf 87' lang='lat' dir='ltr'>gerit</span> <span class='ocrx_word' id='word_1_13' title='bbox 816 434 868 475; x_wconf 86' lang='lat' dir='ltr'>ad</span> <span class='ocrx_word' id='word_1_14' title='bbox 895 433 1125 490; x_wconf 88' lang='lat' dir='ltr'>voluptates</span> <span class='ocrx_word' id='word_1_15' title='bbox 1142 381 1220 476; x_wconf 53' lang='lat' dir='ltr'>igil-</span> 
     </span>
     <span class='ocr_line' id='line_1_4' title="bbox 299 491 1220 601; baseline -0.001 -13"><span class='ocrx_word' id='word_1_16' title='bbox 299 503 509 588; x_wconf 53' lang='lat' dir='ltr'>XXXIV.</span> <span class='ocrx_word' id='word_1_17' title='bbox 540 545 599 588; x_wconf 85' lang='lat' dir='ltr'>Ut</span> <span class='ocrx_word' id='word_1_18' title='bbox 613 558 656 587; x_wconf 84' lang='lat' dir='ltr'>se</span> <span class='ocrx_word' id='word_1_19' title='bbox 670 547 772 601; x_wconf 85' lang='lat' dir='ltr'>gerit</span> <span class='ocrx_word' id='word_1_20' title='bbox 784 546 836 587; x_wconf 87' lang='lat' dir='ltr'>ad</span> <span class='ocrx_word' id='word_1_21' title='bbox 851 545 1060 588; x_wconf 87' lang='lat' dir='ltr'>oculorum</span> <span class='ocrx_word' id='word_1_22' title='bbox 1081 491 1220 587; x_wconf 54' lang='grc' dir='ltr'>111010ἰῖ-</span> 
     </span>
    </p>
   </div>
   <div class='ocr_carea' id='block_1_3' title="bbox 297 601 1220 699">
    <p class='ocr_par' dir='ltr' id='par_1_3' title="bbox 297 601 1220 699">
     <span class='ocr_line' id='line_1_5' title="bbox 352 601 1220 644; baseline 0.002 -3"><span class='ocrx_word' id='word_1_23' title='bbox 352 601 461 643; x_wconf 86' lang='lat' dir='ltr'>bras.</span> <span class='ocrx_word' id='word_1_24' title='bbox 1140 603 1220 644; x_wconf 84' lang='lat'>193</span> 
     </span>
     <span class='ocr_line' id='line_1_6' title="bbox 297 656 1216 699; baseline 0.001 -2"><span class='ocrx_word' id='word_1_25' title='bbox 297 657 480 698; x_wconf 90' lang='lat' dir='ltr'>XXXV.</span> <span class='ocrx_word' id='word_1_26' title='bbox 512 656 571 698; x_wconf 91' lang='lat' dir='ltr'>Ut</span> <span class='ocrx_word' id='word_1_27' title='bbox 588 669 630 698; x_wconf 86' lang='lat' dir='ltr'>se</span> <span class='ocrx_word' id='word_1_28' title='bbox 650 656 774 698; x_wconf 88' lang='lat' dir='ltr'>habet</span> <span class='ocrx_word' id='word_1_29' title='bbox 800 658 852 698; x_wconf 91' lang='lat' dir='ltr'>ad</span> <span class='ocrx_word' id='word_1_30' title='bbox 879 656 1104 699; x_wconf 78' lang='lat' dir='ltr'>secundum</span> <span class='ocrx_word' id='word_1_31' title='bbox 1129 664 1216 698; x_wconf 87' lang='lat' dir='ltr'>ten-</span> 
     </span>
    </p>
   </div>
   <div class='ocr_carea' id='block_1_4' title="bbox 350 711 1218 809">
    <p class='ocr_par' dir='ltr' id='par_1_4' title="bbox 350 711 1218 809">
     <span class='ocr_line' id='line_1_7' title="bbox 350 711 1218 809; baseline -0.001 -55"><span class='ocrx_word' id='word_1_32' title='bbox 350 711 515 754; x_wconf 81' lang='lat' dir='ltr'><strong>tationis</strong></span> <span class='ocrx_word' id='word_1_33' title='bbox 544 724 686 767; x_wconf 85' lang='lat' dir='ltr'>genus‚</span> <span class='ocrx_word' id='word_1_34' title='bbox 719 712 827 766; x_wconf 89' lang='lat' dir='ltr'>quod</span> <span class='ocrx_word' id='word_1_35' title='bbox 864 719 927 753; x_wconf 88' lang='lat' dir='ltr'>est</span> <span class='ocrx_word' id='word_1_36' title='bbox 960 712 1218 809; x_wconf 50' lang='lat' dir='ltr'>curiositaltgz.</span> 
     </span>
    </p>
   </div>
   <div class='ocr_carea' id='block_1_5' title="bbox 291 821 1215 977">
    <p class='ocr_par' dir='ltr' id='par_1_5' title="bbox 291 821 1215 977">
     <span class='ocr_line' id='line_1_8' title="bbox 294 821 1215 888; baseline -0.001 -23"><span class='ocrx_word' id='word_1_37' title='bbox 294 822 505 888; x_wconf 75' lang='lat' dir='ltr'>XXXVI.</span> <span class='ocrx_word' id='word_1_38' title='bbox 534 823 592 864; x_wconf 89' lang='lat' dir='ltr'>Ut</span> <span class='ocrx_word' id='word_1_39' title='bbox 609 837 652 864; x_wconf 88' lang='lat' dir='ltr'>se</span> <span class='ocrx_word' id='word_1_40' title='bbox 671 823 794 864; x_wconf 87' lang='lat' dir='ltr'>habet</span> <span class='ocrx_word' id='word_1_41' title='bbox 821 822 876 864; x_wconf 86' lang='lat' dir='ltr'>ad</span> <span class='ocrx_word' id='word_1_42' title='bbox 899 821 1060 886; x_wconf 81' lang='lat' dir='ltr'>tertium</span> <span class='ocrx_word' id='word_1_43' title='bbox 1085 831 1215 865; x_wconf 87' lang='lat' dir='ltr'>tenta·</span> 
     </span>
     <span class='ocr_line' id='line_1_9' title="bbox 291 879 1215 977; baseline 0 -1"><span class='ocrx_word' id='word_1_44' title='bbox 291 886 627 976; x_wconf 54' lang='grc' dir='ltr'>Χὲῗςῗὲιῗῗῗῖ</span> <span class='ocrx_word' id='word_1_45' title='bbox 641 879 832 975; x_wconf 61' lang='grc' dir='ltr'>ιῖἶῖῖιίῗ</span> <span class='ocrx_word' id='word_1_46' title='bbox 848 879 1215 977; x_wconf 56' lang='grc' dir='ltr'>ῗέἓὲἷξὲῒῑωιζῖἶ</span> 
     </span>
    </p>
   </div>
   <div class='ocr_carea' id='block_1_6' title="bbox 287 990 1215 1436">
    <p class='ocr_par' dir='ltr' id='par_1_6' title="bbox 288 990 1215 1255">
     <span class='ocr_line' id='line_1_10' title="bbox 346 990 1214 1033; baseline 0.002 -3"><span class='ocrx_word' id='word_1_47' title='bbox 346 990 422 1030; x_wconf 88' lang='lat' dir='ltr'>nis.</span> <span class='ocrx_word' id='word_1_48' title='bbox 1134 992 1214 1033; x_wconf 81' lang='lat'>198</span> 
     </span>
     <span class='ocr_line' id='line_1_11' title="bbox 291 1044 1215 1101; baseline 0.001 -14"><span class='ocrx_word' id='word_1_49' title='bbox 291 1044 552 1087; x_wconf 86' lang='lat' dir='ltr'>XXXVIII.</span> <span class='ocrx_word' id='word_1_50' title='bbox 583 1045 637 1086; x_wconf 87' lang='lat' dir='ltr'>Et</span> <span class='ocrx_word' id='word_1_51' title='bbox 665 1044 794 1087; x_wconf 88' lang='lat' dir='ltr'>virtuti</span> <span class='ocrx_word' id='word_1_52' title='bbox 818 1044 1039 1101; x_wconf 84' lang='lat' dir='ltr'>periculum</span> <span class='ocrx_word' id='word_1_53' title='bbox 1067 1059 1215 1088; x_wconf 84' lang='lat' dir='ltr'>avana</span> 
     </span>
     <span class='ocr_line' id='line_1_12' title="bbox 344 1100 1214 1155; baseline 0.003 -14"><span class='ocrx_word' id='word_1_54' title='bbox 344 1100 489 1155; x_wconf 88' lang='lat' dir='ltr'>gloria.</span> <span class='ocrx_word' id='word_1_55' title='bbox 1129 1104 1214 1144; x_wconf 93' lang='grc'>200</span> 
     </span>
     <span class='ocr_line' id='line_1_13' title="bbox 288 1155 1214 1213; baseline 0.002 -15"><span class='ocrx_word' id='word_1_56' title='bbox 288 1157 499 1198; x_wconf 89' lang='lat' dir='ltr'>XXXIX.</span> <span class='ocrx_word' id='word_1_57' title='bbox 530 1155 693 1198; x_wconf 85' lang='lat' dir='ltr'>Amoris</span> <span class='ocrx_word' id='word_1_58' title='bbox 720 1157 868 1213; x_wconf 89' lang='lat' dir='ltr'>proprii</span> <span class='ocrx_word' id='word_1_59' title='bbox 898 1156 956 1198; x_wconf 86' lang='lat' dir='ltr'>vis</span> <span class='ocrx_word' id='word_1_60' title='bbox 984 1164 1027 1200; x_wconf 91' lang='lat' dir='ltr'>et</span> <span class='ocrx_word' id='word_1_61' title='bbox 1055 1162 1214 1200; x_wconf 87' lang='lat' dir='ltr'>natura.</span> 
     </span>
     <span class='ocr_line' id='line_1_14' title="bbox 1155 1216 1211 1255; baseline 0.018 -1"><span class='ocrx_word' id='word_1_62' title='bbox 1155 1216 1211 1255; x_wconf 79' lang='lat' dir='ltr'>id.</span> 
     </span>
    </p>

    <p class='ocr_par' dir='ltr' id='par_1_7' title="bbox 287 1267 1210 1436">
     <span class='ocr_line' id='line_1_15' title="bbox 288 1267 1210 1318; baseline 0.002 -10"><span class='ocrx_word' id='word_1_63' title='bbox 288 1270 325 1309; x_wconf 95' lang='lat' dir='ltr'>X</span> <span class='ocrx_word' id='word_1_64' title='bbox 334 1269 382 1309; x_wconf 95' lang='lat' dir='ltr'>L.</span> <span class='ocrx_word' id='word_1_65' title='bbox 414 1269 536 1318; x_wconf 90' lang='lat' dir='ltr'>Quod</span> <span class='ocrx_word' id='word_1_66' title='bbox 557 1267 599 1309; x_wconf 89' lang='lat' dir='ltr'>in</span> <span class='ocrx_word' id='word_1_67' title='bbox 623 1281 666 1311; x_wconf 79' lang='lat' dir='ltr'>se</span> <span class='ocrx_word' id='word_1_68' title='bbox 691 1274 734 1309; x_wconf 87' lang='lat' dir='ltr'>et</span> <span class='ocrx_word' id='word_1_69' title='bbox 761 1267 916 1310; x_wconf 83' lang='lat' dir='ltr'>caeteris</span> <span class='ocrx_word' id='word_1_70' title='bbox 934 1269 1052 1310; x_wconf 90' lang='lat' dir='ltr'>rebus</span> <span class='ocrx_word' id='word_1_71' title='bbox 1072 1269 1210 1310; x_wconf 89' lang='lat' dir='ltr'>Deum</span> 
     </span>
     <span class='ocr_line' id='line_1_16' title="bbox 341 1324 1208 1375; baseline 0.002 -11"><span class='ocrx_word' id='word_1_72' title='bbox 341 1324 604 1375; x_wconf 80' lang='lat' dir='ltr'>investigavit.</span> <span class='ocrx_word' id='word_1_73' title='bbox 1152 1328 1208 1366; x_wconf 87' lang='lat' dir='ltr'>id.</span> 
     </span>
     <span class='ocr_line' id='line_1_17' title="bbox 287 1380 1206 1436; baseline 0.001 -16"><span class='ocrx_word' id='word_1_74' title='bbox 287 1381 405 1420; x_wconf 91' lang='lat' dir='ltr'>XLI.</span> <span class='ocrx_word' id='word_1_75' title='bbox 433 1380 599 1435; x_wconf 86' lang='lat' dir='ltr'>Triplex</span> <span class='ocrx_word' id='word_1_76' title='bbox 618 1380 829 1436; x_wconf 76' lang='lat' dir='ltr'>cupiditas.</span> <span class='ocrx_word' id='word_1_77' title='bbox 1125 1382 1206 1421; x_wconf 82' lang='lat'>201</span> 
     </span>
    </p>
   </div>
   <div class='ocr_carea' id='block_1_7' title="bbox 288 1436 1209 1533">
    <p class='ocr_par' dir='ltr' id='par_1_8' title="bbox 288 1436 1209 1533">
     <span class='ocr_line' id='line_1_18' title="bbox 288 1436 1209 1489; baseline 0.001 -13"><span class='ocrx_word' id='word_1_78' title='bbox 288 1437 433 1478; x_wconf 90' lang='lat' dir='ltr'>XLII.</span> <span class='ocrx_word' id='word_1_79' title='bbox 464 1436 666 1477; x_wconf 89' lang='lat' dir='ltr'>Nonnulli</span> <span class='ocrx_word' id='word_1_80' title='bbox 701 1437 752 1476; x_wconf 92' lang='lat' dir='ltr'>ad</span> <span class='ocrx_word' id='word_1_81' title='bbox 782 1436 984 1476; x_wconf 83' lang='lat' dir='ltr'>daemones</span> <span class='ocrx_word' id='word_1_82' title='bbox 1013 1442 1209 1489; x_wconf 87' lang='lat' dir='ltr'>tanquam</span> 
     </span>
     <span class='ocr_line' id='line_1_19' title="bbox 339 1491 1207 1533; baseline 0.001 -2"><span class='ocrx_word' id='word_1_83' title='bbox 339 1491 536 1532; x_wconf 89' lang='lat' dir='ltr'>redeundi</span> <span class='ocrx_word' id='word_1_84' title='bbox 562 1492 615 1532; x_wconf 89' lang='lat' dir='ltr'>ad</span> <span class='ocrx_word' id='word_1_85' title='bbox 653 1493 791 1533; x_wconf 90' lang='lat' dir='ltr'>Deum</span> <span class='ocrx_word' id='word_1_86' title='bbox 819 1493 1054 1533; x_wconf 85' lang='lat' dir='ltr'>mediatores</span> <span class='ocrx_word' id='word_1_87' title='bbox 1078 1491 1207 1532; x_wconf 86' lang='lat' dir='ltr'>infeli-</span> 
     </span>
    </p>
   </div>
   <div class='ocr_carea' id='block_1_8' title="bbox 284 1546 1206 1646">
    <p class='ocr_par' dir='ltr' id='par_1_9' title="bbox 284 1546 1206 1646">
     <span class='ocr_line' id='line_1_20' title="bbox 339 1546 1206 1589; baseline 0.002 -2"><span class='ocrx_word' id='word_1_88' title='bbox 339 1546 436 1588; x_wconf 86' lang='lat' dir='ltr'>citer</span> <span class='ocrx_word' id='word_1_89' title='bbox 456 1555 723 1589; x_wconf 85' lang='lat' dir='ltr'>recurrerunt.</span> <span class='ocrx_word' id='word_1_90' title='bbox 1151 1550 1206 1589; x_wconf 83' lang='lat' dir='ltr'>id.</span> 
     </span>
     <span class='ocr_line' id='line_1_21' title="bbox 284 1602 1206 1646; baseline 0.001 -3"><span class='ocrx_word' id='word_1_91' title='bbox 284 1603 452 1644; x_wconf 89' lang='lat' dir='ltr'>XLIII.</span> <span class='ocrx_word' id='word_1_92' title='bbox 485 1603 669 1646; x_wconf 89' lang='lat' dir='ltr'>Christus</span> <span class='ocrx_word' id='word_1_93' title='bbox 685 1616 803 1645; x_wconf 88' lang='lat' dir='ltr'>verus</span> <span class='ocrx_word' id='word_1_94' title='bbox 823 1602 1025 1645; x_wconf 86' lang='lat' dir='ltr'>mediator.</span> <span class='ocrx_word' id='word_1_95' title='bbox 1122 1604 1206 1644; x_wconf 84' lang='lat'>202</span> 
     </span>
    </p>
   </div>
   <div class='ocr_carea' id='block_1_9' title="bbox 446 1771 1046 1815">
    <p class='ocr_par' dir='ltr' id='par_1_10' title="bbox 446 1771 1046 1815">
     <span class='ocr_line' id='line_1_22' title="bbox 446 1771 1046 1815; baseline -0.003 -1"><span class='ocrx_word' id='word_1_96' title='bbox 446 1772 631 1815; x_wconf 89' lang='lat' dir='ltr'>LIBER</span> <span class='ocrx_word' id='word_1_97' title='bbox 666 1771 1046 1815; x_wconf 89' lang='lat' dir='ltr'>UNDECIMUS.</span> 
     </span>
    </p>
   </div>
   <div class='ocr_carea' id='block_1_10' title="bbox 262 1862 1206 3795">
    <p class='ocr_par' dir='ltr' id='par_1_11' title="bbox 273 1862 1206 2906">
     <span class='ocr_line' id='line_1_23' title="bbox 280 1862 1205 1904; baseline 0.001 -2"><span class='ocrx_word' id='word_1_98' title='bbox 280 1863 317 1902; x_wconf 93' lang='grc' dir='ltr'>Ι.</span> <span class='ocrx_word' id='word_1_99' title='bbox 350 1863 435 1904; x_wconf 91' lang='lat' dir='ltr'>Cur</span> <span class='ocrx_word' id='word_1_100' title='bbox 453 1864 688 1904; x_wconf 87' lang='lat' dir='ltr'>confitemur</span> <span class='ocrx_word' id='word_1_101' title='bbox 709 1865 800 1904; x_wconf 90' lang='lat' dir='ltr'>Deo</span> <span class='ocrx_word' id='word_1_102' title='bbox 821 1862 979 1904; x_wconf 91' lang='lat' dir='ltr'>scienti.</span> <span class='ocrx_word' id='word_1_103' title='bbox 1121 1863 1205 1903; x_wconf 86' lang='lat'>205</span> 
     </span>
     <span class='ocr_line' id='line_1_24' title="bbox 279 1919 1205 1976; baseline 0 -18"><span class='ocrx_word' id='word_1_104' title='bbox 279 1919 342 1959; x_wconf 89' lang='grc' dir='ltr'>ΙΙ.</span> <span class='ocrx_word' id='word_1_105' title='bbox 379 1919 486 1960; x_wconf 89' lang='lat' dir='ltr'>Petit</span> <span class='ocrx_word' id='word_1_106' title='bbox 503 1933 528 1959; x_wconf 89' lang='lat' dir='ltr'>a</span> <span class='ocrx_word' id='word_1_107' title='bbox 548 1920 640 1960; x_wconf 91' lang='lat' dir='ltr'>Deo</span> <span class='ocrx_word' id='word_1_108' title='bbox 661 1919 956 1976; x_wconf 90' lang='lat' dir='ltr'>Scripturarum</span> <span class='ocrx_word' id='word_1_109' title='bbox 976 1924 1205 1959; x_wconf 87' lang='lat' dir='ltr'>sanctarum</span> 
     </span>
     <span class='ocr_line' id='line_1_25' title="bbox 334 1975 1205 2027; baseline 0.002 -13"><span class='ocrx_word' id='word_1_110' title='bbox 334 1975 655 2027; x_wconf 85' lang='lat' dir='ltr'>intelligentiam.</span> <span class='ocrx_word' id='word_1_111' title='bbox 1150 1977 1205 2016; x_wconf 83' lang='lat' dir='ltr'>id.</span> 
     </span>
     <span class='ocr_line' id='line_1_26' title="bbox 278 2029 1206 2085; baseline 0.001 -15"><span class='ocrx_word' id='word_1_112' title='bbox 278 2030 368 2071; x_wconf 94' lang='lat' dir='ltr'>III.</span> <span class='ocrx_word' id='word_1_113' title='bbox 402 2032 507 2079; x_wconf 77' lang='lat' dir='ltr'>Quae</span> <span class='ocrx_word' id='word_1_114' title='bbox 541 2030 696 2085; x_wconf 88' lang='lat' dir='ltr'>scripsit</span> <span class='ocrx_word' id='word_1_115' title='bbox 728 2032 892 2085; x_wconf 80' lang='lat' dir='ltr'>Moyses</span> <span class='ocrx_word' id='word_1_116' title='bbox 925 2029 976 2071; x_wconf 90' lang='lat' dir='ltr'>de</span> <span class='ocrx_word' id='word_1_117' title='bbox 1005 2030 1206 2071; x_wconf 83' lang='lat' dir='ltr'>creatione</span> 
     </span>
     <span class='ocr_line' id='line_1_27' title="bbox 333 2087 1204 2142; baseline -0.001 -16"><span class='ocrx_word' id='word_1_118' title='bbox 333 2087 427 2127; x_wconf 87' lang='lat' dir='ltr'>coeli</span> <span class='ocrx_word' id='word_1_119' title='bbox 456 2093 498 2127; x_wconf 91' lang='lat' dir='ltr'>et</span> <span class='ocrx_word' id='word_1_120' title='bbox 530 2093 663 2133; x_wconf 83' lang='lat' dir='ltr'>terrae,</span> <span class='ocrx_word' id='word_1_121' title='bbox 697 2087 922 2141; x_wconf 87' lang='lat' dir='ltr'>intelligere</span> <span class='ocrx_word' id='word_1_122' title='bbox 956 2100 1037 2126; x_wconf 91' lang='lat' dir='ltr'>non</span> <span class='ocrx_word' id='word_1_123' title='bbox 1074 2092 1204 2142; x_wconf 86' lang='lat' dir='ltr'>potest</span> 
     </span>
     <span class='ocr_line' id='line_1_28' title="bbox 334 2142 1200 2184; baseline 0 -1"><span class='ocrx_word' id='word_1_124' title='bbox 334 2142 408 2183; x_wconf 88' lang='lat' dir='ltr'>nisi</span> <span class='ocrx_word' id='word_1_125' title='bbox 423 2143 599 2183; x_wconf 90' lang='lat' dir='ltr'>donante</span> <span class='ocrx_word' id='word_1_126' title='bbox 617 2143 725 2184; x_wconf 91' lang='lat' dir='ltr'>Deo.</span> <span class='ocrx_word' id='word_1_127' title='bbox 1117 2143 1200 2183; x_wconf 87' lang='grc'>208</span> 
     </span>
     <span class='ocr_line' id='line_1_29' title="bbox 275 2197 1201 2239; baseline -0.001 -1"><span class='ocrx_word' id='word_1_128' title='bbox 275 2198 361 2239; x_wconf 87' lang='lat' dir='ltr'>IV.</span> <span class='ocrx_word' id='word_1_129' title='bbox 391 2198 591 2239; x_wconf 90' lang='lat' dir='ltr'>Creatura</span> <span class='ocrx_word' id='word_1_130' title='bbox 624 2197 776 2238; x_wconf 90' lang='lat' dir='ltr'>clamat</span> <span class='ocrx_word' id='word_1_131' title='bbox 799 2203 1017 2238; x_wconf 89' lang='lat' dir='ltr'>creatorem</span> <span class='ocrx_word' id='word_1_132' title='bbox 1049 2197 1201 2238; x_wconf 88' lang='lat' dir='ltr'>Deum.</span> 
     </span>
     <span class='ocr_line' id='line_1_30' title="bbox 277 2306 1200 2350; baseline -0.001 0"><span class='ocrx_word' id='word_1_133' title='bbox 277 2310 333 2350; x_wconf 93' lang='lat' dir='ltr'>V.</span> <span class='ocrx_word' id='word_1_134' title='bbox 363 2309 429 2349; x_wconf 86' lang='lat' dir='ltr'>Ex</span> <span class='ocrx_word' id='word_1_135' title='bbox 450 2307 577 2349; x_wconf 89' lang='lat' dir='ltr'>nihilo</span> <span class='ocrx_word' id='word_1_136' title='bbox 597 2307 781 2348; x_wconf 88' lang='lat' dir='ltr'>conditus</span> <span class='ocrx_word' id='word_1_137' title='bbox 798 2306 988 2348; x_wconf 87' lang='lat' dir='ltr'>mundus.</span> <span class='ocrx_word' id='word_1_138' title='bbox 1143 2310 1200 2349; x_wconf 79' lang='lat' dir='ltr'>id.</span> 
     </span>
     <span class='ocr_line' id='line_1_31' title="bbox 276 2362 1199 2413; baseline -0.003 -7"><span class='ocrx_word' id='word_1_139' title='bbox 276 2365 358 2406; x_wconf 90' lang='lat' dir='ltr'>VI.</span> <span class='ocrx_word' id='word_1_140' title='bbox 389 2364 603 2413; x_wconf 87' lang='lat' dir='ltr'>Quomodo</span> <span class='ocrx_word' id='word_1_141' title='bbox 624 2364 738 2404; x_wconf 90' lang='lat' dir='ltr'>Deus</span> <span class='ocrx_word' id='word_1_142' title='bbox 758 2362 877 2412; x_wconf 88' lang='lat' dir='ltr'>dixit,</span> <span class='ocrx_word' id='word_1_143' title='bbox 891 2370 938 2404; x_wconf 91' lang='lat' dir='ltr'>ut</span> <span class='ocrx_word' id='word_1_144' title='bbox 953 2363 1065 2404; x_wconf 86' lang='lat' dir='ltr'>fieret</span> <span class='ocrx_word' id='word_1_145' title='bbox 1080 2375 1199 2403; x_wconf 88' lang='lat' dir='ltr'>mun-</span> 
     </span>
     <span class='ocr_line' id='line_1_32' title="bbox 329 2419 1197 2460; baseline -0.002 0"><span class='ocrx_word' id='word_1_146' title='bbox 329 2421 421 2460; x_wconf 91' lang='lat' dir='ltr'>dus.</span> <span class='ocrx_word' id='word_1_147' title='bbox 1112 2419 1197 2459; x_wconf 91' lang='grc'>209</span> 
     </span>
     <span class='ocr_line' id='line_1_33' title="bbox 275 2473 1198 2517; baseline -0.001 -1"><span class='ocrx_word' id='word_1_148' title='bbox 275 2476 383 2516; x_wconf 89' lang='lat' dir='ltr'>VII.</span> <span class='ocrx_word' id='word_1_149' title='bbox 413 2475 596 2517; x_wconf 88' lang='lat' dir='ltr'>Verbum</span> <span class='ocrx_word' id='word_1_150' title='bbox 618 2473 700 2514; x_wconf 86' lang='lat' dir='ltr'>Dei</span> <span class='ocrx_word' id='word_1_151' title='bbox 719 2481 965 2515; x_wconf 71' lang='lat' dir='ltr'>coaeternum</span> <span class='ocrx_word' id='word_1_152' title='bbox 988 2475 1096 2515; x_wconf 90' lang='lat' dir='ltr'>Deo.</span> <span class='ocrx_word' id='word_1_153' title='bbox 1113 2475 1198 2515; x_wconf 89' lang='grc'>210</span> 
     </span>
     <span class='ocr_line' id='line_1_34' title="bbox 273 2529 1196 2585; baseline -0.003 -13"><span class='ocrx_word' id='word_1_154' title='bbox 273 2532 403 2572; x_wconf 85' lang='lat' dir='ltr'>VIII.</span> <span class='ocrx_word' id='word_1_155' title='bbox 437 2531 618 2572; x_wconf 90' lang='lat' dir='ltr'>Verbum</span> <span class='ocrx_word' id='word_1_156' title='bbox 638 2530 718 2570; x_wconf 89' lang='lat' dir='ltr'>Dei</span> <span class='ocrx_word' id='word_1_157' title='bbox 737 2530 869 2585; x_wconf 91' lang='lat' dir='ltr'>ipsum</span> <span class='ocrx_word' id='word_1_158' title='bbox 883 2537 943 2571; x_wconf 89' lang='lat' dir='ltr'>est</span> <span class='ocrx_word' id='word_1_159' title='bbox 956 2529 1196 2585; x_wconf 86' lang='lat' dir='ltr'>principium</span> 
     </span>
     <span class='ocr_line' id='line_1_35' title="bbox 327 2586 1198 2641; baseline -0.001 -13"><span class='ocrx_word' id='word_1_160' title='bbox 327 2601 409 2641; x_wconf 91' lang='lat' dir='ltr'>quo</span> <span class='ocrx_word' id='word_1_161' title='bbox 429 2587 619 2627; x_wconf 89' lang='lat' dir='ltr'>docemur</span> <span class='ocrx_word' id='word_1_162' title='bbox 638 2599 797 2626; x_wconf 87' lang='lat' dir='ltr'>omnem</span> <span class='ocrx_word' id='word_1_163' title='bbox 817 2586 1042 2627; x_wconf 86' lang='lat' dir='ltr'>veritatem.</span> <span class='ocrx_word' id='word_1_164' title='bbox 1141 2588 1198 2628; x_wconf 80' lang='lat' dir='ltr'>id.</span> 
     </span>
     <span class='ocr_line' id='line_1_36' title="bbox 273 2642 1200 2696; baseline -0.003 -12"><span class='ocrx_word' id='word_1_165' title='bbox 273 2643 354 2684; x_wconf 93' lang='lat' dir='ltr'>IX.</span> <span class='ocrx_word' id='word_1_166' title='bbox 398 2642 615 2692; x_wconf 87' lang='lat' dir='ltr'>Quomodo</span> <span class='ocrx_word' id='word_1_167' title='bbox 664 2642 846 2683; x_wconf 87' lang='lat' dir='ltr'>Verbum</span> <span class='ocrx_word' id='word_1_168' title='bbox 893 2642 975 2683; x_wconf 89' lang='lat' dir='ltr'>Dei</span> <span class='ocrx_word' id='word_1_169' title='bbox 1012 2642 1200 2696; x_wconf 89' lang='lat' dir='ltr'>loquatur</span> 
     </span>
     <span class='ocr_line' id='line_1_37' title="bbox 326 2698 1193 2740; baseline -0.002 -2"><span class='ocrx_word' id='word_1_170' title='bbox 326 2698 452 2740; x_wconf 90' lang='lat' dir='ltr'>cordi.</span> <span class='ocrx_word' id='word_1_171' title='bbox 1114 2698 1193 2737; x_wconf 89' lang='grc'>211</span> 
     </span>
     <span class='ocr_line' id='line_1_38' title="bbox 273 2752 1199 2806; baseline -0.002 -11"><span class='ocrx_word' id='word_1_172' title='bbox 273 2755 329 2795; x_wconf 89' lang='grc' dir='ltr'>Χ.</span> <span class='ocrx_word' id='word_1_173' title='bbox 379 2754 667 2794; x_wconf 85' lang='lat' dir='ltr'>Obtrectantes</span> <span class='ocrx_word' id='word_1_174' title='bbox 723 2752 821 2806; x_wconf 90' lang='lat' dir='ltr'>quid</span> <span class='ocrx_word' id='word_1_175' title='bbox 870 2752 1023 2793; x_wconf 85' lang='lat' dir='ltr'>faceret</span> <span class='ocrx_word' id='word_1_176' title='bbox 1082 2753 1199 2793; x_wconf 85' lang='lat' dir='ltr'>Deus</span> 
     </span>
     <span class='ocr_line' id='line_1_39' title="bbox 328 2809 1198 2864; baseline -0.001 -14"><span class='ocrx_word' id='word_1_177' title='bbox 328 2816 548 2864; x_wconf 88' lang='lat' dir='ltr'>antequam</span> <span class='ocrx_word' id='word_1_178' title='bbox 573 2809 724 2850; x_wconf 88' lang='lat' dir='ltr'>coelum</span> <span class='ocrx_word' id='word_1_179' title='bbox 752 2816 792 2850; x_wconf 90' lang='lat' dir='ltr'>et</span> <span class='ocrx_word' id='word_1_180' title='bbox 820 2816 964 2849; x_wconf 88' lang='lat' dir='ltr'>terram</span> <span class='ocrx_word' id='word_1_181' title='bbox 995 2809 1198 2850; x_wconf 89' lang='lat' dir='ltr'>conderet.</span> 
     </span>
     <span class='ocr_line' id='line_1_40' title="bbox 1139 2867 1195 2906; baseline 0.054 -3"><span class='ocrx_word' id='word_1_182' title='bbox 1139 2867 1195 2906; x_wconf 83' lang='lat' dir='ltr'>id.</span> 
     </span>
    </p>

    <p class='ocr_par' dir='ltr' id='par_1_12' title="bbox 262 2919 1196 3795">
     <span class='ocr_line' id='line_1_41' title="bbox 270 2919 1196 2976; baseline -0.001 -15"><span class='ocrx_word' id='word_1_183' title='bbox 270 2921 349 2961; x_wconf 91' lang='lat' dir='ltr'>XI.</span> <span class='ocrx_word' id='word_1_184' title='bbox 382 2920 617 2974; x_wconf 85' lang='lat' dir='ltr'>Objectioni</span> <span class='ocrx_word' id='word_1_185' title='bbox 635 2920 849 2976; x_wconf 88' lang='lat' dir='ltr'>respondet</span> <span class='ocrx_word' id='word_1_186' title='bbox 868 2920 974 2973; x_wconf 87' lang='lat' dir='ltr'>quod</span> <span class='ocrx_word' id='word_1_187' title='bbox 993 2919 1196 2960; x_wconf 86' lang='lat' dir='ltr'>aeternitas</span> 
     </span>
     <span class='ocr_line' id='line_1_42' title="bbox 329 2975 1193 3030; baseline -0.001 -15"><span class='ocrx_word' id='word_1_188' title='bbox 329 2976 410 3016; x_wconf 90' lang='lat' dir='ltr'>Dei</span> <span class='ocrx_word' id='word_1_189' title='bbox 431 2975 556 3016; x_wconf 90' lang='lat' dir='ltr'>nescit</span> <span class='ocrx_word' id='word_1_190' title='bbox 572 2982 768 3030; x_wconf 88' lang='lat' dir='ltr'>tempora.</span> <span class='ocrx_word' id='word_1_191' title='bbox 1109 2975 1193 3015; x_wconf 83' lang='lat'>212</span> 
     </span>
     <span class='ocr_line' id='line_1_43' title="bbox 269 3029 1193 3080; baseline -0.004 -7"><span class='ocrx_word' id='word_1_192' title='bbox 269 3033 377 3073; x_wconf 90' lang='lat' dir='ltr'>XII.</span> <span class='ocrx_word' id='word_1_193' title='bbox 414 3030 526 3080; x_wconf 84' lang='lat' dir='ltr'>Quid</span> <span class='ocrx_word' id='word_1_194' title='bbox 577 3031 692 3071; x_wconf 84' lang='lat' dir='ltr'>Deus</span> <span class='ocrx_word' id='word_1_195' title='bbox 736 3029 875 3071; x_wconf 87' lang='lat' dir='ltr'>fecerit</span> <span class='ocrx_word' id='word_1_196' title='bbox 918 3036 1011 3070; x_wconf 88' lang='lat' dir='ltr'>ante</span> <span class='ocrx_word' id='word_1_197' title='bbox 1052 3030 1193 3070; x_wconf 89' lang='lat' dir='ltr'>mundi</span> 
     </span>
     <span class='ocr_line' id='line_1_44' title="bbox 325 3087 1192 3127; baseline -0.003 0"><span class='ocrx_word' id='word_1_198' title='bbox 325 3087 583 3127; x_wconf 87' lang='lat' dir='ltr'>creationem.</span> <span class='ocrx_word' id='word_1_199' title='bbox 686 3119 691 3125; x_wconf 89' lang='lat'>.</span> <span class='ocrx_word' id='word_1_200' title='bbox 1136 3087 1192 3124; x_wconf 82' lang='lat' dir='ltr'>id.</span> 
     </span>
     <span class='ocr_line' id='line_1_45' title="bbox 268 3141 1192 3195; baseline -0.006 -10"><span class='ocrx_word' id='word_1_201' title='bbox 268 3143 400 3185; x_wconf 88' lang='lat' dir='ltr'>XIII.</span> <span class='ocrx_word' id='word_1_202' title='bbox 434 3141 556 3190; x_wconf 91' lang='lat' dir='ltr'>Quod</span> <span class='ocrx_word' id='word_1_203' title='bbox 577 3148 670 3181; x_wconf 90' lang='lat' dir='ltr'>ante</span> <span class='ocrx_word' id='word_1_204' title='bbox 690 3147 872 3195; x_wconf 86' lang='lat' dir='ltr'>tempora</span> <span class='ocrx_word' id='word_1_205' title='bbox 891 3153 914 3179; x_wconf 83' lang='lat' dir='ltr'>a</span> <span class='ocrx_word' id='word_1_206' title='bbox 937 3141 1029 3181; x_wconf 92' lang='lat' dir='ltr'>Deo</span> <span class='ocrx_word' id='word_1_207' title='bbox 1057 3146 1192 3180; x_wconf 88' lang='lat' dir='ltr'>creata</span> 
     </span>
     <span class='ocr_line' id='line_1_46' title="bbox 323 3197 1190 3251; baseline -0.003 -12"><span class='ocrx_word' id='word_1_208' title='bbox 323 3198 482 3239; x_wconf 90' lang='lat' dir='ltr'>nullum</span> <span class='ocrx_word' id='word_1_209' title='bbox 500 3204 658 3251; x_wconf 88' lang='lat' dir='ltr'>tempus</span> <span class='ocrx_word' id='word_1_210' title='bbox 677 3197 807 3237; x_wconf 89' lang='lat' dir='ltr'>fuerit.</span> <span class='ocrx_word' id='word_1_211' title='bbox 1106 3197 1190 3236; x_wconf 86' lang='lat'>213</span> 
     </span>
     <span class='ocr_line' id='line_1_47' title="bbox 267 3251 1191 3306; baseline -0.003 -11"><span class='ocrx_word' id='word_1_212' title='bbox 267 3255 394 3295; x_wconf 88' lang='lat' dir='ltr'>XIV.</span> <span class='ocrx_word' id='word_1_213' title='bbox 421 3252 633 3306; x_wconf 83' lang='lat' dir='ltr'>Temporis</span> <span class='ocrx_word' id='word_1_214' title='bbox 653 3251 885 3293; x_wconf 68' lang='lat' dir='ltr'>differentiae</span> <span class='ocrx_word' id='word_1_215' title='bbox 903 3258 997 3291; x_wconf 85' lang='lat' dir='ltr'>tres.</span> <span class='ocrx_word' id='word_1_216' title='bbox 1134 3254 1191 3292; x_wconf 83' lang='lat' dir='ltr'>id.</span> 
     </span>
     <span class='ocr_line' id='line_1_48' title="bbox 267 3307 1191 3363; baseline -0.004 -11"><span class='ocrx_word' id='word_1_217' title='bbox 267 3311 366 3352; x_wconf 89' lang='lat' dir='ltr'>XV.</span> <span class='ocrx_word' id='word_1_218' title='bbox 395 3310 594 3349; x_wconf 87' lang='lat' dir='ltr'>Mensura</span> <span class='ocrx_word' id='word_1_219' title='bbox 612 3308 802 3363; x_wconf 84' lang='lat' dir='ltr'>temporis</span> <span class='ocrx_word' id='word_1_220' title='bbox 818 3307 861 3347; x_wconf 90' lang='lat' dir='ltr'>in</span> <span class='ocrx_word' id='word_1_221' title='bbox 881 3321 974 3360; x_wconf 88' lang='lat' dir='ltr'>quo.</span> <span class='ocrx_word' id='word_1_222' title='bbox 1106 3307 1191 3348; x_wconf 82' lang='lat'>214</span> 
     </span>
     <span class='ocr_line' id='line_1_49' title="bbox 266 3361 1190 3418; baseline -0.004 -11"><span class='ocrx_word' id='word_1_223' title='bbox 266 3367 392 3407; x_wconf 91' lang='lat' dir='ltr'>XVI.</span> <span class='ocrx_word' id='word_1_224' title='bbox 434 3363 570 3413; x_wconf 86' lang='lat' dir='ltr'>Quale</span> <span class='ocrx_word' id='word_1_225' title='bbox 612 3369 772 3418; x_wconf 86' lang='lat' dir='ltr'>tempus</span> <span class='ocrx_word' id='word_1_226' title='bbox 813 3362 944 3404; x_wconf 86' lang='lat' dir='ltr'>metiri</span> <span class='ocrx_word' id='word_1_227' title='bbox 980 3361 1116 3411; x_wconf 90' lang='lat' dir='ltr'>liceat,</span> <span class='ocrx_word' id='word_1_228' title='bbox 1150 3370 1190 3403; x_wconf 90' lang='lat' dir='ltr'>et</span> 
     </span>
     <span class='ocr_line' id='line_1_50' title="bbox 321 3419 1189 3475; baseline -0.005 -12"><span class='ocrx_word' id='word_1_229' title='bbox 321 3419 445 3475; x_wconf 86' lang='lat' dir='ltr'>quale</span> <span class='ocrx_word' id='word_1_230' title='bbox 467 3433 562 3459; x_wconf 90' lang='lat' dir='ltr'>non.</span> <span class='ocrx_word' id='word_1_231' title='bbox 1105 3419 1189 3459; x_wconf 89' lang='grc'>215</span> 
     </span>
     <span class='ocr_line' id='line_1_51' title="bbox 264 3472 1189 3530; baseline -0.005 -12"><span class='ocrx_word' id='word_1_232' title='bbox 264 3477 415 3519; x_wconf 90' lang='lat' dir='ltr'>XVII.</span> <span class='ocrx_word' id='word_1_233' title='bbox 444 3474 528 3516; x_wconf 88' lang='lat' dir='ltr'>Ubi</span> <span class='ocrx_word' id='word_1_234' title='bbox 554 3482 712 3530; x_wconf 88' lang='lat' dir='ltr'>tempus</span> <span class='ocrx_word' id='word_1_235' title='bbox 744 3472 990 3530; x_wconf 81' lang='lat' dir='ltr'>praeteritum</span> <span class='ocrx_word' id='word_1_236' title='bbox 1015 3480 1056 3513; x_wconf 92' lang='lat' dir='ltr'>et</span> <span class='ocrx_word' id='word_1_237' title='bbox 1080 3473 1189 3513; x_wconf 87' lang='lat' dir='ltr'>futu-</span> 
     </span>
     <span class='ocr_line' id='line_1_52' title="bbox 319 3530 1189 3573; baseline -0.003 0"><span class='ocrx_word' id='word_1_238' title='bbox 319 3545 423 3573; x_wconf 91' lang='lat' dir='ltr'>rum.</span> <span class='ocrx_word' id='word_1_239' title='bbox 1104 3530 1189 3570; x_wconf 89' lang='lat'>216</span> 
     </span>
     <span class='ocr_line' id='line_1_53' title="bbox 262 3583 1188 3640; baseline -0.008 -9"><span class='ocrx_word' id='word_1_240' title='bbox 262 3587 439 3631; x_wconf 88' lang='lat' dir='ltr'>XVIII.</span> <span class='ocrx_word' id='word_1_241' title='bbox 477 3586 691 3635; x_wconf 89' lang='lat' dir='ltr'>Quomodo</span> <span class='ocrx_word' id='word_1_242' title='bbox 736 3583 936 3640; x_wconf 82' lang='lat' dir='ltr'>praeterita</span> <span class='ocrx_word' id='word_1_243' title='bbox 975 3590 1016 3624; x_wconf 92' lang='lat' dir='ltr'>et</span> <span class='ocrx_word' id='word_1_244' title='bbox 1053 3583 1188 3625; x_wconf 84' lang='lat' dir='ltr'>futura</span> 
     </span>
     <span class='ocr_line' id='line_1_54' title="bbox 317 3641 1186 3696; baseline -0.002 -14"><span class='ocrx_word' id='word_1_245' title='bbox 317 3651 498 3696; x_wconf 87' lang='lat' dir='ltr'>tempora</span> <span class='ocrx_word' id='word_1_246' title='bbox 514 3641 592 3682; x_wconf 89' lang='lat' dir='ltr'>sint</span> <span class='ocrx_word' id='word_1_247' title='bbox 611 3641 836 3696; x_wconf 66' lang='lat' dir='ltr'>praesentia.</span> <span class='ocrx_word' id='word_1_248' title='bbox 1128 3642 1186 3680; x_wconf 76' lang='lat' dir='ltr'>id.</span> 
     </span>
     <span class='ocr_line' id='line_1_55' title="bbox 262 3695 1186 3753; baseline -0.006 -13"><span class='ocrx_word' id='word_1_249' title='bbox 262 3698 388 3740; x_wconf 89' lang='lat' dir='ltr'>XIX.</span> <span class='ocrx_word' id='word_1_250' title='bbox 418 3698 457 3736; x_wconf 94' lang='lat' dir='ltr'>N</span> <span class='ocrx_word' id='word_1_251' title='bbox 462 3711 515 3738; x_wconf 89' lang='lat' dir='ltr'>on</span> <span class='ocrx_word' id='word_1_252' title='bbox 530 3697 638 3753; x_wconf 83' lang='lat' dir='ltr'>capit</span> <span class='ocrx_word' id='word_1_253' title='bbox 653 3698 831 3747; x_wconf 88' lang='lat' dir='ltr'>modum,</span> <span class='ocrx_word' id='word_1_254' title='bbox 847 3709 926 3752; x_wconf 92' lang='lat' dir='ltr'>quo</span> <span class='ocrx_word' id='word_1_255' title='bbox 938 3695 1052 3737; x_wconf 82' lang='lat' dir='ltr'>Deus</span> <span class='ocrx_word' id='word_1_256' title='bbox 1069 3695 1186 3735; x_wconf 91' lang='lat' dir='ltr'>docet</span> 
     </span>
     <span class='ocr_line' id='line_1_56' title="bbox 317 3750 1183 3795; baseline -0.003 0"><span class='ocrx_word' id='word_1_257' title='bbox 317 3753 467 3795; x_wconf 82' lang='lat' dir='ltr'>sutura.</span> <span class='ocrx_word' id='word_1_258' title='bbox 1103 3750 1183 3792; x_wconf 95' lang='grc' dir='ltr'>2Ι7</span> 
     </span>
    </p>
   </div>
   <div class='ocr_carea' id='block_1_11' title="bbox 904 185 1602 240">
    <p class='ocr_par' dir='ltr' id='par_1_13' title="bbox 904 185 1602 240">
     <span class='ocr_line' id='line_1_57' title="bbox 904 185 1602 240; baseline 0.006 -4"><span class='ocrx_word' id='word_1_259' title='bbox 904 185 1167 238; x_wconf 85' lang='lat' dir='ltr'>INDEX</span> <span class='ocrx_word' id='word_1_260' title='bbox 1216 186 1602 240; x_wconf 76' lang='lat' dir='ltr'>CAPITUM.</span> 
     </span>
    </p>
   </div>
   <div class='ocr_carea' id='block_1_12' title="bbox 1269 325 2199 1481">
    <p class='ocr_par' dir='ltr' id='par_1_14' title="bbox 1279 325 2199 386">
     <span class='ocr_line' id='line_1_58' title="bbox 1279 325 2199 386; baseline 0.009 -21"><span class='ocrx_word' id='word_1_261' title='bbox 1279 325 1379 367; x_wconf 82' lang='lat' dir='ltr'>XX.</span> <span class='ocrx_word' id='word_1_262' title='bbox 1411 325 1661 370; x_wconf 70' lang='lat' dir='ltr'>Differentiae</span> <span class='ocrx_word' id='word_1_263' title='bbox 1679 327 1871 385; x_wconf 83' lang='lat' dir='ltr'>temporis</span> <span class='ocrx_word' id='word_1_264' title='bbox 1898 331 2098 386; x_wconf 84' lang='lat' dir='ltr'>quomodo</span> <span class='ocrx_word' id='word_1_265' title='bbox 2127 343 2199 373; x_wconf 85' lang='lat' dir='ltr'>no-</span> 
     </span>
    </p>

    <p class='ocr_par' dir='ltr' id='par_1_15' title="bbox 1271 380 2198 1002">
     <span class='ocr_line' id='line_1_59' title="bbox 1330 380 2198 428; baseline 0.008 -7"><span class='ocrx_word' id='word_1_266' title='bbox 1330 380 1550 425; x_wconf 79' lang='lat' dir='ltr'>minandae.</span> <span class='ocrx_word' id='word_1_267' title='bbox 1839 423 1842 425; x_wconf 94' lang='lat'>.</span> <span class='ocrx_word' id='word_1_268' title='bbox 2113 388 2198 428; x_wconf 83' lang='grc'>217</span> 
     </span>
     <span class='ocr_line' id='line_1_60' title="bbox 1279 435 2198 497; baseline 0.009 -21"><span class='ocrx_word' id='word_1_269' title='bbox 1279 436 1403 492; x_wconf 82' lang='lat' dir='ltr'>XXI.</span> <span class='ocrx_word' id='word_1_270' title='bbox 1441 439 1656 488; x_wconf 87' lang='lat' dir='ltr'>Quomodo</span> <span class='ocrx_word' id='word_1_271' title='bbox 1693 447 1852 497; x_wconf 85' lang='lat' dir='ltr'>tempus</span> <span class='ocrx_word' id='word_1_272' title='bbox 1889 441 2015 484; x_wconf 86' lang='lat' dir='ltr'>liceat</span> <span class='ocrx_word' id='word_1_273' title='bbox 2051 435 2198 484; x_wconf 82' lang='lat' dir='ltr'>metiri.</span> 
     </span>
     <span class='ocr_line' id='line_1_61' title="bbox 1276 499 2196 642; baseline 0.01 -57"><span class='ocrx_word' id='word_1_274' title='bbox 1276 546 1427 642; x_wconf 68' lang='lat' dir='ltr'>XXIII).</span> <span class='ocrx_word' id='word_1_275' title='bbox 1456 549 1565 591; x_wconf 87' lang='lat' dir='ltr'>Petit</span> <span class='ocrx_word' id='word_1_276' title='bbox 1588 546 1812 606; x_wconf 72' lang='lat' dir='ltr'>oenig&#39;matis</span> <span class='ocrx_word' id='word_1_277' title='bbox 1830 551 1944 594; x_wconf 83' lang='lat' dir='ltr'>istius</span> <span class='ocrx_word' id='word_1_278' title='bbox 1959 499 2196 594; x_wconf 57' lang='lat' dir='ltr'>solution2e¹=3</span> 
     </span>
     <span class='ocr_line' id='line_1_62' title="bbox 1275 609 2196 717; baseline 0.009 -21"><span class='ocrx_word' id='word_1_279' title='bbox 1275 615 1591 709; x_wconf 48' lang='lat' dir='ltr'>xiillff’Quid</span> <span class='ocrx_word' id='word_1_280' title='bbox 1608 661 1660 703; x_wconf 84' lang='lat' dir='ltr'>sit</span> <span class='ocrx_word' id='word_1_281' title='bbox 1675 669 1849 717; x_wconf 86' lang='lat' dir='ltr'>tempus.</span> <span class='ocrx_word' id='word_1_282' title='bbox 2110 609 2196 705; x_wconf 61' lang='lat' dir='ltr'>{ig</span> 
     </span>
     <span class='ocr_line' id='line_1_63' title="bbox 1274 713 2194 778; baseline 0.008 -26"><span class='ocrx_word' id='word_1_283' title='bbox 1274 713 1439 755; x_wconf 90' lang='lat' dir='ltr'>XXIV.</span> <span class='ocrx_word' id='word_1_284' title='bbox 1466 715 1647 778; x_wconf 79' lang='lat' dir='ltr'>&#39;I&#39;empus</span> <span class='ocrx_word' id='word_1_285' title='bbox 1663 725 1723 759; x_wconf 86' lang='lat' dir='ltr'>est</span> <span class='ocrx_word' id='word_1_286' title='bbox 1741 731 1822 772; x_wconf 89' lang='lat' dir='ltr'>quo</span> <span class='ocrx_word' id='word_1_287' title='bbox 1836 718 2023 759; x_wconf 87' lang='lat' dir='ltr'>metimur</span> <span class='ocrx_word' id='word_1_288' title='bbox 2040 727 2194 759; x_wconf 86' lang='lat' dir='ltr'>motum</span> 
     </span>
     <span class='ocr_line' id='line_1_64' title="bbox 1273 774 2197 888; baseline 0.009 -24"><span class='ocrx_word' id='word_1_289' title='bbox 1273 781 1606 888; x_wconf 41' lang='lat' dir='ltr'>§gff‘iiimiissrsus</span> <span class='ocrx_word' id='word_1_290' title='bbox 1623 827 1760 868; x_wconf 91' lang='lat' dir='ltr'>Deum</span> <span class='ocrx_word' id='word_1_291' title='bbox 1779 827 2021 884; x_wconf 86' lang='lat' dir='ltr'>interpellat.</span> <span class='ocrx_word' id='word_1_292' title='bbox 2109 774 2197 872; x_wconf 56' lang='grc' dir='ltr'>2ἓὲ</span> 
     </span>
     <span class='ocr_line' id='line_1_65' title="bbox 1275 879 2190 939; baseline 0.007 -19"><span class='ocrx_word' id='word_1_293' title='bbox 1275 879 1438 921; x_wconf 68' lang='lat' dir='ltr'>XXVI.</span> <span class='ocrx_word' id='word_1_294' title='bbox 1469 883 1684 931; x_wconf 89' lang='lat' dir='ltr'>Quomodo</span> <span class='ocrx_word' id='word_1_295' title='bbox 1702 891 1861 939; x_wconf 88' lang='lat' dir='ltr'>tempus</span> <span class='ocrx_word' id='word_1_296' title='bbox 1878 885 2078 926; x_wconf 87' lang='lat' dir='ltr'>metimur.</span> <span class='ocrx_word' id='word_1_297' title='bbox 2110 886 2190 927; x_wconf 88' lang='grc'>221</span> 
     </span>
     <span class='ocr_line' id='line_1_66' title="bbox 1271 935 2193 1002; baseline 0.01 -28"><span class='ocrx_word' id='word_1_298' title='bbox 1271 935 1461 977; x_wconf 91' lang='lat' dir='ltr'>XXVII.</span> <span class='ocrx_word' id='word_1_299' title='bbox 1493 938 1710 1002; x_wconf 74' lang='lat' dir='ltr'>Quompdo</span> <span class='ocrx_word' id='word_1_300' title='bbox 1724 939 1912 981; x_wconf 86' lang='lat' dir='ltr'>metimur</span> <span class='ocrx_word' id='word_1_301' title='bbox 1929 948 2087 996; x_wconf 88' lang='lat' dir='ltr'>tempus</span> <span class='ocrx_word' id='word_1_302' title='bbox 2103 955 2193 997; x_wconf 92' lang='lat' dir='ltr'>per-</span> 
     </span>
    </p>

    <p class='ocr_par' dir='ltr' id='par_1_16' title="bbox 1269 1000 2195 1277">
     <span class='ocr_line' id='line_1_67' title="bbox 1326 1000 2195 1038; baseline 0.007 -7"><span class='ocrx_word' id='word_1_303' title='bbox 1326 1003 1494 1034; x_wconf 88' lang='lat' dir='ltr'>manens</span> <span class='ocrx_word' id='word_1_304' title='bbox 1512 1007 1555 1034; x_wconf 88' lang='lat' dir='ltr'>1n</span> <span class='ocrx_word' id='word_1_305' title='bbox 1574 1007 1725 1036; x_wconf 87' lang='lat' dir='ltr'>ammo.</span> <span class='ocrx_word' id='word_1_306' title='bbox 2138 1000 2195 1038; x_wconf 79' lang='lat' dir='ltr'>id.</span> 
     </span>
     <span class='ocr_line' id='line_1_68' title="bbox 1270 1045 2191 1106; baseline 0.009 -21"><span class='ocrx_word' id='word_1_307' title='bbox 1270 1045 1486 1089; x_wconf 88' lang='lat' dir='ltr'>XXVIII.</span> <span class='ocrx_word' id='word_1_308' title='bbox 1515 1049 1666 1090; x_wconf 88' lang='lat' dir='ltr'>Animo</span> <span class='ocrx_word' id='word_1_309' title='bbox 1684 1049 1870 1090; x_wconf 89' lang='lat' dir='ltr'>metimur</span> <span class='ocrx_word' id='word_1_310' title='bbox 1888 1050 2079 1106; x_wconf 81' lang='lat' dir='ltr'>tempora.</span> <span class='ocrx_word' id='word_1_311' title='bbox 2108 1054 2191 1094; x_wconf 89' lang='grc'>223</span> 
     </span>
     <span class='ocr_line' id='line_1_69' title="bbox 1272 1101 2191 1168; baseline 0.009 -28"><span class='ocrx_word' id='word_1_312' title='bbox 1272 1101 1441 1167; x_wconf 69' lang='lat' dir='ltr'>XXIX.</span> <span class='ocrx_word' id='word_1_313' title='bbox 1460 1158 1467 1166; x_wconf 42' lang='grc' dir='ltr'>Ι</span> <span class='ocrx_word' id='word_1_314' title='bbox 1492 1103 1545 1145; x_wconf 89' lang='lat' dir='ltr'>Se</span> <span class='ocrx_word' id='word_1_315' title='bbox 1593 1105 1636 1144; x_wconf 91' lang='lat' dir='ltr'>in</span> <span class='ocrx_word' id='word_1_316' title='bbox 1687 1106 1928 1168; x_wconf 73' lang='lat' dir='ltr'>temporalia</span> <span class='ocrx_word' id='word_1_317' title='bbox 1976 1107 2191 1148; x_wconf 87' lang='lat' dir='ltr'>distentum</span> 
     </span>
     <span class='ocr_line' id='line_1_70' title="bbox 1269 1160 2192 1277; baseline 0.008 -25"><span class='ocrx_word' id='word_1_318' title='bbox 1269 1165 1439 1277; x_wconf 54' lang='lat' dir='ltr'>XXX).lt</span> <span class='ocrx_word' id='word_1_319' title='bbox 1457 1161 1657 1271; x_wconf 49' lang='lat' dir='ltr'>goggltiii&#39;</span> <span class='ocrx_word' id='word_1_320' title='bbox 1678 1160 1859 1257; x_wconf 42' lang='lat' dir='ltr'>cijiilrlsgirin</span> <span class='ocrx_word' id='word_1_321' title='bbox 1909 1165 2192 1265; x_wconf 43' lang='lat' dir='ltr'>obtrectanzgsi</span> 
     </span>
    </p>

    <p class='ocr_par' dir='ltr' id='par_1_17' title="bbox 1269 1269 2190 1439">
     <span class='ocr_line' id='line_1_71' title="bbox 1323 1269 2190 1339; baseline 0.006 -30"><span class='ocrx_word' id='word_1_322' title='bbox 1323 1271 1419 1323; x_wconf 71' lang='lat' dir='ltr'>quud</span> <span class='ocrx_word' id='word_1_323' title='bbox 1439 1269 1578 1313; x_wconf 85' lang='lat' dir='ltr'>fecerit</span> <span class='ocrx_word' id='word_1_324' title='bbox 1597 1272 1712 1313; x_wconf 90' lang='lat' dir='ltr'>Deus</span> <span class='ocrx_word' id='word_1_325' title='bbox 1735 1278 1829 1313; x_wconf 90' lang='lat' dir='ltr'>ante</span> <span class='ocrx_word' id='word_1_326' title='bbox 1858 1273 1999 1314; x_wconf 89' lang='lat' dir='ltr'>mundi</span> <span class='ocrx_word' id='word_1_327' title='bbox 2023 1274 2190 1339; x_wconf 76' lang='lat' dir='ltr'>creatio—</span> 
     </span>
     <span class='ocr_line' id='line_1_72' title="bbox 1269 1333 2190 1439; baseline 0.007 -20"><span class='ocrx_word' id='word_1_328' title='bbox 1269 1337 1434 1422; x_wconf 48' lang='grc' dir='ltr'><strong>Χὶέεὶέζῐῗ..</strong></span> <span class='ocrx_word' id='word_1_329' title='bbox 1464 1383 1678 1431; x_wconf 89' lang='lat' dir='ltr'>Quomodo</span> <span class='ocrx_word' id='word_1_330' title='bbox 1701 1382 1906 1437; x_wconf 87' lang='lat' dir='ltr'>cognoscit</span> <span class='ocrx_word' id='word_1_331' title='bbox 1938 1385 2068 1434; x_wconf 85' lang='lat' dir='ltr'>Deus,</span> <span class='ocrx_word' id='word_1_332' title='bbox 2088 1333 2190 1439; x_wconf 57' lang='lat' dir='ltr'>qtig:</span> 
     </span>
    </p>

    <p class='ocr_par' dir='ltr' id='par_1_18' title="bbox 1323 1438 2189 1481">
     <span class='ocr_line' id='line_1_73' title="bbox 1323 1438 2189 1481; baseline 0.005 -4"><span class='ocrx_word' id='word_1_333' title='bbox 1323 1438 1442 1478; x_wconf 90' lang='lat' dir='ltr'>modo</span> <span class='ocrx_word' id='word_1_334' title='bbox 1461 1446 1659 1480; x_wconf 88' lang='lat' dir='ltr'>creatura.</span> <span class='ocrx_word' id='word_1_335' title='bbox 2104 1442 2189 1481; x_wconf 85' lang='grc'>225</span> 
     </span>
    </p>
   </div>
   <div class='ocr_carea' id='block_1_13' title="bbox 1397 1607 2051 1651">
    <p class='ocr_par' dir='ltr' id='par_1_19' title="bbox 1397 1607 2051 1651">
     <span class='ocr_line' id='line_1_74' title="bbox 1397 1607 2051 1651; baseline 0.005 -3"><span class='ocrx_word' id='word_1_336' title='bbox 1397 1607 1585 1648; x_wconf 87' lang='lat' dir='ltr'>LIBER</span> <span class='ocrx_word' id='word_1_337' title='bbox 1622 1608 2051 1651; x_wconf 88' lang='lat' dir='ltr'>DUODECIMUS.</span> 
     </span>
    </p>
   </div>
   <div class='ocr_carea' id='block_1_14' title="bbox 1243 1697 2187 3792">
    <p class='ocr_par' dir='ltr' id='par_1_20' title="bbox 1262 1697 2187 1908">
     <span class='ocr_line' id='line_1_75' title="bbox 1262 1697 2186 1754; baseline 0.004 -17"><span class='ocrx_word' id='word_1_338' title='bbox 1262 1697 1300 1738; x_wconf 93' lang='lat' dir='ltr'>I.</span> <span class='ocrx_word' id='word_1_339' title='bbox 1332 1697 1520 1739; x_wconf 86' lang='lat' dir='ltr'>Difficilis</span> <span class='ocrx_word' id='word_1_340' title='bbox 1539 1699 1729 1754; x_wconf 88' lang='lat' dir='ltr'>inquisito</span> <span class='ocrx_word' id='word_1_341' title='bbox 1750 1699 1848 1740; x_wconf 89' lang='lat' dir='ltr'>veri.</span> <span class='ocrx_word' id='word_1_342' title='bbox 2102 1703 2186 1742; x_wconf 89' lang='grc'>226</span> 
     </span>
     <span class='ocr_line' id='line_1_76' title="bbox 1263 1753 2184 1810; baseline 0.004 -18"><span class='ocrx_word' id='word_1_343' title='bbox 1263 1753 1326 1793; x_wconf 91' lang='lat' dir='ltr'>II.</span> <span class='ocrx_word' id='word_1_344' title='bbox 1356 1754 1423 1794; x_wconf 90' lang='lat' dir='ltr'>De</span> <span class='ocrx_word' id='word_1_345' title='bbox 1440 1755 1591 1810; x_wconf 91' lang='lat' dir='ltr'>duplici</span> <span class='ocrx_word' id='word_1_346' title='bbox 1611 1755 1717 1796; x_wconf 91' lang='lat' dir='ltr'>coelo</span> <span class='ocrx_word' id='word_1_347' title='bbox 1734 1763 1774 1796; x_wconf 92' lang='lat' dir='ltr'>et</span> <span class='ocrx_word' id='word_1_348' title='bbox 1793 1762 1911 1797; x_wconf 89' lang='lat' dir='ltr'>terra.</span> <span class='ocrx_word' id='word_1_349' title='bbox 2130 1760 2184 1797; x_wconf 84' lang='lat' dir='ltr'>id.</span> 
     </span>
     <span class='ocr_line' id='line_1_77' title="bbox 1263 1809 2187 1868; baseline 0.004 -19"><span class='ocrx_word' id='word_1_350' title='bbox 1263 1809 1352 1850; x_wconf 91' lang='lat' dir='ltr'>III.</span> <span class='ocrx_word' id='word_1_351' title='bbox 1383 1810 1494 1858; x_wconf 91' lang='lat' dir='ltr'>Quid</span> <span class='ocrx_word' id='word_1_352' title='bbox 1514 1812 1690 1851; x_wconf 83' lang='lat' dir='ltr'>tenebrae</span> <span class='ocrx_word' id='word_1_353' title='bbox 1720 1824 1840 1865; x_wconf 90' lang='lat' dir='ltr'>super</span> <span class='ocrx_word' id='word_1_354' title='bbox 1866 1812 2006 1853; x_wconf 83' lang='lat' dir='ltr'>faciem</span> <span class='ocrx_word' id='word_1_355' title='bbox 2039 1813 2187 1868; x_wconf 87' lang='lat' dir='ltr'>abyssi.</span> 
     </span>
     <span class='ocr_line' id='line_1_78' title="bbox 2130 1870 2183 1908; baseline 0.038 -2"><span class='ocrx_word' id='word_1_356' title='bbox 2130 1870 2183 1908; x_wconf 81' lang='lat' dir='ltr'>id.</span> 
     </span>
    </p>

    <p class='ocr_par' dir='ltr' id='par_1_21' title="bbox 1243 1919 2186 3792">
     <span class='ocr_line' id='line_1_79' title="bbox 1262 1919 2186 1979; baseline 0.003 -19"><span class='ocrx_word' id='word_1_357' title='bbox 1262 1919 1346 1961; x_wconf 90' lang='lat' dir='ltr'>IV.</span> <span class='ocrx_word' id='word_1_358' title='bbox 1378 1921 1487 1970; x_wconf 88' lang='lat' dir='ltr'>Quid</span> <span class='ocrx_word' id='word_1_359' title='bbox 1507 1927 1610 1962; x_wconf 87' lang='lat' dir='ltr'>terra</span> <span class='ocrx_word' id='word_1_360' title='bbox 1630 1920 1839 1962; x_wconf 89' lang='lat' dir='ltr'>invisibilis</span> <span class='ocrx_word' id='word_1_361' title='bbox 1853 1929 1894 1963; x_wconf 89' lang='lat' dir='ltr'>et</span> <span class='ocrx_word' id='word_1_362' title='bbox 1911 1922 2186 1979; x_wconf 89' lang='lat' dir='ltr'>incomposita.</span> 
     </span>
     <span class='ocr_line' id='line_1_80' title="bbox 1265 2031 2185 2088; baseline 0.003 -16"><span class='ocrx_word' id='word_1_363' title='bbox 1265 2031 1320 2072; x_wconf 91' lang='lat' dir='ltr'>V.</span> <span class='ocrx_word' id='word_1_364' title='bbox 1363 2032 1449 2073; x_wconf 93' lang='lat' dir='ltr'>Cur</span> <span class='ocrx_word' id='word_1_365' title='bbox 1484 2032 1538 2073; x_wconf 83' lang='lat' dir='ltr'>sic</span> <span class='ocrx_word' id='word_1_366' title='bbox 1576 2032 1782 2088; x_wconf 88' lang='lat' dir='ltr'>appellata</span> <span class='ocrx_word' id='word_1_367' title='bbox 1820 2032 1974 2075; x_wconf 88' lang='lat' dir='ltr'>videtur</span> <span class='ocrx_word' id='word_1_368' title='bbox 2020 2035 2185 2075; x_wconf 88' lang='lat' dir='ltr'>materia</span> 
     </span>
     <span class='ocr_line' id='line_1_81' title="bbox 1318 2086 2184 2132; baseline 0.005 -5"><span class='ocrx_word' id='word_1_369' title='bbox 1318 2086 1508 2128; x_wconf 85' lang='lat' dir='ltr'>informis.</span> <span class='ocrx_word' id='word_1_370' title='bbox 2129 2092 2184 2132; x_wconf 85' lang='lat' dir='ltr'>id.</span> 
     </span>
     <span class='ocr_line' id='line_1_82' title="bbox 1260 2143 2183 2192; baseline 0.002 -8"><span class='ocrx_word' id='word_1_371' title='bbox 1260 2143 1339 2184; x_wconf 85' lang='lat' dir='ltr'>VI.</span> <span class='ocrx_word' id='word_1_372' title='bbox 1371 2143 1481 2192; x_wconf 88' lang='lat' dir='ltr'>Quid</span> <span class='ocrx_word' id='word_1_373' title='bbox 1510 2143 1606 2183; x_wconf 90' lang='lat' dir='ltr'>olim</span> <span class='ocrx_word' id='word_1_374' title='bbox 1636 2156 1729 2184; x_wconf 91' lang='lat' dir='ltr'>cum</span> <span class='ocrx_word' id='word_1_375' title='bbox 1748 2143 1989 2184; x_wconf 76' lang='lat' dir='ltr'>Manichaeis</span> <span class='ocrx_word' id='word_1_376' title='bbox 2016 2146 2183 2186; x_wconf 84' lang='lat' dir='ltr'>senserit</span> 
     </span>
     <span class='ocr_line' id='line_1_83' title="bbox 1314 2198 2180 2252; baseline 0.003 -14"><span class='ocrx_word' id='word_1_377' title='bbox 1314 2199 1364 2238; x_wconf 92' lang='lat' dir='ltr'>de</span> <span class='ocrx_word' id='word_1_378' title='bbox 1384 2198 1549 2238; x_wconf 87' lang='lat' dir='ltr'>materia</span> <span class='ocrx_word' id='word_1_379' title='bbox 1568 2198 1742 2247; x_wconf 86' lang='lat' dir='ltr'>informi,</span> <span class='ocrx_word' id='word_1_380' title='bbox 1765 2199 1863 2252; x_wconf 89' lang='lat' dir='ltr'>quid</span> <span class='ocrx_word' id='word_1_381' title='bbox 1881 2201 2012 2239; x_wconf 92' lang='lat' dir='ltr'>modo.</span> <span class='ocrx_word' id='word_1_382' title='bbox 2125 2204 2180 2241; x_wconf 74' lang='lat' dir='ltr'>id,</span> 
     </span>
     <span class='ocr_line' id='line_1_84' title="bbox 1259 2254 2180 2302; baseline 0.004 -9"><span class='ocrx_word' id='word_1_383' title='bbox 1259 2254 1365 2294; x_wconf 89' lang='lat' dir='ltr'>VII.</span> <span class='ocrx_word' id='word_1_384' title='bbox 1397 2255 1512 2294; x_wconf 89' lang='lat' dir='ltr'>Deus</span> <span class='ocrx_word' id='word_1_385' title='bbox 1530 2254 1624 2294; x_wconf 79' lang='lat' dir='ltr'>fecit</span> <span class='ocrx_word' id='word_1_386' title='bbox 1651 2255 1701 2294; x_wconf 92' lang='lat' dir='ltr'>de</span> <span class='ocrx_word' id='word_1_387' title='bbox 1725 2254 1849 2295; x_wconf 86' lang='lat' dir='ltr'>nihilo</span> <span class='ocrx_word' id='word_1_388' title='bbox 1875 2255 2042 2302; x_wconf 82' lang='lat' dir='ltr'>coelum,</span> <span class='ocrx_word' id='word_1_389' title='bbox 2060 2255 2100 2295; x_wconf 93' lang='lat' dir='ltr'>id</span> <span class='ocrx_word' id='word_1_390' title='bbox 2121 2264 2180 2297; x_wconf 81' lang='lat' dir='ltr'>est</span> 
     </span>
     <span class='ocr_line' id='line_1_85' title="bbox 1311 2309 2176 2363; baseline 0.002 -14"><span class='ocrx_word' id='word_1_391' title='bbox 1311 2309 1521 2363; x_wconf 85' lang='lat' dir='ltr'>Angelos3</span> <span class='ocrx_word' id='word_1_392' title='bbox 1554 2315 1596 2350; x_wconf 89' lang='lat' dir='ltr'>et</span> <span class='ocrx_word' id='word_1_393' title='bbox 1622 2316 1784 2358; x_wconf 88' lang='lat' dir='ltr'>terram,</span> <span class='ocrx_word' id='word_1_394' title='bbox 1810 2310 1854 2350; x_wconf 92' lang='lat' dir='ltr'>id</span> <span class='ocrx_word' id='word_1_395' title='bbox 1882 2317 1942 2351; x_wconf 90' lang='lat' dir='ltr'>est</span> <span class='ocrx_word' id='word_1_396' title='bbox 1969 2310 2176 2351; x_wconf 88' lang='lat' dir='ltr'>informem</span> 
     </span>
     <span class='ocr_line' id='line_1_86' title="bbox 1312 2365 2177 2407; baseline 0.003 -4"><span class='ocrx_word' id='word_1_397' title='bbox 1312 2365 1538 2405; x_wconf 86' lang='lat' dir='ltr'>materiam.</span> <span class='ocrx_word' id='word_1_398' title='bbox 2094 2368 2177 2407; x_wconf 85' lang='grc'>228</span> 
     </span>
     <span class='ocr_line' id='line_1_87' title="bbox 1257 2419 2179 2462; baseline 0.002 -3"><span class='ocrx_word' id='word_1_399' title='bbox 1257 2420 1389 2460; x_wconf 89' lang='lat' dir='ltr'>VIII.</span> <span class='ocrx_word' id='word_1_400' title='bbox 1428 2421 1607 2460; x_wconf 89' lang='lat' dir='ltr'>Materia</span> <span class='ocrx_word' id='word_1_401' title='bbox 1641 2419 1817 2461; x_wconf 85' lang='lat' dir='ltr'>informis</span> <span class='ocrx_word' id='word_1_402' title='bbox 1853 2434 1903 2461; x_wconf 85' lang='lat' dir='ltr'>ex</span> <span class='ocrx_word' id='word_1_403' title='bbox 1937 2420 2091 2461; x_wconf 88' lang='lat' dir='ltr'>nihilo:</span> <span class='ocrx_word' id='word_1_404' title='bbox 2129 2436 2179 2462; x_wconf 90' lang='lat' dir='ltr'>ex</span> 
     </span>
     <span class='ocr_line' id='line_1_88' title="bbox 1312 2474 2179 2518; baseline 0.005 -4"><span class='ocrx_word' id='word_1_405' title='bbox 1312 2475 1387 2515; x_wconf 85' lang='lat' dir='ltr'>hac</span> <span class='ocrx_word' id='word_1_406' title='bbox 1408 2475 1543 2516; x_wconf 91' lang='lat' dir='ltr'>omnia</span> <span class='ocrx_word' id='word_1_407' title='bbox 1560 2474 1744 2516; x_wconf 88' lang='lat' dir='ltr'>visibilia.</span> <span class='ocrx_word' id='word_1_408' title='bbox 2095 2479 2179 2518; x_wconf 87' lang='grc'>229</span> 
     </span>
     <span class='ocr_line' id='line_1_89' title="bbox 1255 2531 2177 2587; baseline 0.001 -16"><span class='ocrx_word' id='word_1_409' title='bbox 1255 2532 1337 2573; x_wconf 90' lang='grc' dir='ltr'>ΙΧ.</span> <span class='ocrx_word' id='word_1_410' title='bbox 1368 2531 1453 2572; x_wconf 91' lang='lat' dir='ltr'>Cur</span> <span class='ocrx_word' id='word_1_411' title='bbox 1469 2533 1620 2583; x_wconf 85' lang='lat' dir='ltr'>absque</span> <span class='ocrx_word' id='word_1_412' title='bbox 1648 2531 1799 2571; x_wconf 84' lang='lat' dir='ltr'>dierum</span> <span class='ocrx_word' id='word_1_413' title='bbox 1831 2532 2032 2572; x_wconf 86' lang='lat' dir='ltr'>mentione</span> <span class='ocrx_word' id='word_1_414' title='bbox 2056 2533 2177 2587; x_wconf 86' lang='lat' dir='ltr'>scrip-</span> 
     </span>
     <span class='ocr_line' id='line_1_90' title="bbox 1311 2587 2178 2644; baseline 0.003 -18"><span class='ocrx_word' id='word_1_415' title='bbox 1311 2594 1397 2628; x_wconf 88' lang='lat' dir='ltr'>tum</span> <span class='ocrx_word' id='word_1_416' title='bbox 1434 2595 1509 2634; x_wconf 88' lang='lat' dir='ltr'>est,</span> <span class='ocrx_word' id='word_1_417' title='bbox 1553 2587 1687 2627; x_wconf 83' lang='lat' dir='ltr'>Deum</span> <span class='ocrx_word' id='word_1_418' title='bbox 1726 2587 1865 2629; x_wconf 81' lang='lat' dir='ltr'>fecisse</span> <span class='ocrx_word' id='word_1_419' title='bbox 1903 2588 1944 2628; x_wconf 89' lang='lat' dir='ltr'>in</span> <span class='ocrx_word' id='word_1_420' title='bbox 1982 2588 2178 2644; x_wconf 88' lang='lat' dir='ltr'>principio</span> 
     </span>
     <span class='ocr_line' id='line_1_91' title="bbox 1309 2643 2167 2685; baseline 0 -1"><span class='ocrx_word' id='word_1_421' title='bbox 1309 2643 1459 2684; x_wconf 85' lang='lat' dir='ltr'>coelnm</span> <span class='ocrx_word' id='word_1_422' title='bbox 1481 2650 1521 2683; x_wconf 85' lang='lat' dir='ltr'>et</span> <span class='ocrx_word' id='word_1_423' title='bbox 1538 2648 1699 2682; x_wconf 88' lang='lat' dir='ltr'>terram.</span> <span class='ocrx_word' id='word_1_424' title='bbox 2115 2647 2167 2685; x_wconf 79' lang='lat' dir='ltr'>id.</span> 
     </span>
     <span class='ocr_line' id='line_1_92' title="bbox 1256 2698 2176 2752; baseline 0.003 -15"><span class='ocrx_word' id='word_1_425' title='bbox 1256 2699 1311 2738; x_wconf 88' lang='lat' dir='ltr'>X.</span> <span class='ocrx_word' id='word_1_426' title='bbox 1341 2701 1379 2738; x_wconf 92' lang='lat' dir='ltr'><strong>A</strong></span> <span class='ocrx_word' id='word_1_427' title='bbox 1402 2698 1493 2738; x_wconf 91' lang='lat' dir='ltr'>Deo</span> <span class='ocrx_word' id='word_1_428' title='bbox 1513 2698 1623 2752; x_wconf 87' lang='lat' dir='ltr'>cupit</span> <span class='ocrx_word' id='word_1_429' title='bbox 1641 2698 1815 2738; x_wconf 85' lang='lat' dir='ltr'>edoceri.</span> <span class='ocrx_word' id='word_1_430' title='bbox 2092 2702 2176 2740; x_wconf 91' lang='grc'>230</span> 
     </span>
     <span class='ocr_line' id='line_1_93' title="bbox 1255 2753 2174 2803; baseline 0.003 -10"><span class='ocrx_word' id='word_1_431' title='bbox 1255 2754 1335 2795; x_wconf 92' lang='lat' dir='ltr'>XI.</span> <span class='ocrx_word' id='word_1_432' title='bbox 1365 2754 1476 2803; x_wconf 88' lang='lat' dir='ltr'>Quid</span> <span class='ocrx_word' id='word_1_433' title='bbox 1497 2766 1518 2793; x_wconf 91' lang='lat' dir='ltr'>a</span> <span class='ocrx_word' id='word_1_434' title='bbox 1542 2754 1633 2794; x_wconf 87' lang='lat' dir='ltr'>Deo</span> <span class='ocrx_word' id='word_1_435' title='bbox 1652 2753 1849 2794; x_wconf 89' lang='lat' dir='ltr'>didicerit.</span> <span class='ocrx_word' id='word_1_436' title='bbox 2118 2759 2174 2796; x_wconf 79' lang='lat' dir='ltr'>id.</span> 
     </span>
     <span class='ocr_line' id='line_1_94' title="bbox 1255 2809 2175 2865; baseline 0.003 -16"><span class='ocrx_word' id='word_1_437' title='bbox 1255 2810 1361 2850; x_wconf 90' lang='lat' dir='ltr'>XII.</span> <span class='ocrx_word' id='word_1_438' title='bbox 1393 2811 1591 2850; x_wconf 87' lang='lat' dir='ltr'>Creatura</span> <span class='ocrx_word' id='word_1_439' title='bbox 1623 2809 1774 2864; x_wconf 90' lang='lat' dir='ltr'>duplex</span> <span class='ocrx_word' id='word_1_440' title='bbox 1805 2823 1949 2852; x_wconf 84' lang='lat' dir='ltr'>carens</span> <span class='ocrx_word' id='word_1_441' title='bbox 1983 2816 2175 2865; x_wconf 83' lang='lat' dir='ltr'>tempore.</span> 
     </span>
     <span class='ocr_line' id='line_1_95' title="bbox 1255 2919 2174 2961; baseline 0.003 -3"><span class='ocrx_word' id='word_1_442' title='bbox 1255 2919 1387 2959; x_wconf 91' lang='lat' dir='ltr'>XIII.</span> <span class='ocrx_word' id='word_1_443' title='bbox 1417 2921 1502 2960; x_wconf 90' lang='lat' dir='ltr'>Cur</span> <span class='ocrx_word' id='word_1_444' title='bbox 1521 2919 1605 2959; x_wconf 89' lang='lat' dir='ltr'>sine</span> <span class='ocrx_word' id='word_1_445' title='bbox 1623 2919 1775 2960; x_wconf 90' lang='lat' dir='ltr'>dierum</span> <span class='ocrx_word' id='word_1_446' title='bbox 1797 2921 2174 2961; x_wconf 88' lang='lat' dir='ltr'>commemoratione</span> 
     </span>
     <span class='ocr_line' id='line_1_96' title="bbox 1307 2974 2173 3030; baseline 0.003 -16"><span class='ocrx_word' id='word_1_447' title='bbox 1307 2975 1404 3015; x_wconf 90' lang='lat' dir='ltr'>dicit</span> <span class='ocrx_word' id='word_1_448' title='bbox 1424 2974 1507 3016; x_wconf 90' lang='lat' dir='ltr'>Scri</span> <span class='ocrx_word' id='word_1_449' title='bbox 1538 2982 1642 3023; x_wconf 89' lang='lat' dir='ltr'>tura,</span> <span class='ocrx_word' id='word_1_450' title='bbox 1663 2977 1771 3029; x_wconf 90' lang='lat' dir='ltr'>quod</span> <span class='ocrx_word' id='word_1_451' title='bbox 1802 2976 1842 3015; x_wconf 89' lang='lat' dir='ltr'>in</span> <span class='ocrx_word' id='word_1_452' title='bbox 1872 2975 2063 3030; x_wconf 88' lang='lat' dir='ltr'>principio</span> <span class='ocrx_word' id='word_1_453' title='bbox 2083 2976 2173 3017; x_wconf 85' lang='lat' dir='ltr'>fecit</span> 
     </span>
     <span class='ocr_line' id='line_1_97' title="bbox 1309 3031 2170 3072; baseline 0.003 -3"><span class='ocrx_word' id='word_1_454' title='bbox 1309 3031 1424 3070; x_wconf 89' lang='lat' dir='ltr'>Deus</span> <span class='ocrx_word' id='word_1_455' title='bbox 1444 3043 1508 3071; x_wconf 90' lang='lat' dir='ltr'>coe</span> <span class='ocrx_word' id='word_1_456' title='bbox 1530 3044 1595 3070; x_wconf 91' lang='lat' dir='ltr'>um</span> <span class='ocrx_word' id='word_1_457' title='bbox 1617 3037 1659 3071; x_wconf 88' lang='lat' dir='ltr'>et</span> <span class='ocrx_word' id='word_1_458' title='bbox 1679 3038 1838 3070; x_wconf 87' lang='lat' dir='ltr'>terram.</span> <span class='ocrx_word' id='word_1_459' title='bbox 2087 3034 2170 3072; x_wconf 87' lang='grc'>232</span> 
     </span>
     <span class='ocr_line' id='line_1_98' title="bbox 1251 3085 2171 3140; baseline 0.003 -16"><span class='ocrx_word' id='word_1_460' title='bbox 1251 3085 1373 3126; x_wconf 90' lang='lat' dir='ltr'>XIV.</span> <span class='ocrx_word' id='word_1_461' title='bbox 1405 3085 1621 3140; x_wconf 86' lang='lat' dir='ltr'>Scripturae</span> <span class='ocrx_word' id='word_1_462' title='bbox 1642 3085 1905 3140; x_wconf 79' lang='lat' dir='ltr'>profunditas·</span> <span class='ocrx_word' id='word_1_463' title='bbox 2117 3090 2171 3128; x_wconf 76' lang='lat' dir='ltr'>id.</span> 
     </span>
     <span class='ocr_line' id='line_1_99' title="bbox 1249 3140 2170 3195; baseline 0.003 -15"><span class='ocrx_word' id='word_1_464' title='bbox 1249 3141 1349 3182; x_wconf 90' lang='lat' dir='ltr'>XV.</span> <span class='ocrx_word' id='word_1_465' title='bbox 1378 3141 1483 3189; x_wconf 85' lang='lat' dir='ltr'>Quae</span> <span class='ocrx_word' id='word_1_466' title='bbox 1514 3141 1564 3180; x_wconf 85' lang='lat' dir='ltr'>de</span> <span class='ocrx_word' id='word_1_467' title='bbox 1590 3141 1680 3181; x_wconf 93' lang='lat' dir='ltr'>Deo</span> <span class='ocrx_word' id='word_1_468' title='bbox 1711 3140 1840 3195; x_wconf 90' lang='lat' dir='ltr'>deque</span> <span class='ocrx_word' id='word_1_469' title='bbox 1862 3140 2030 3193; x_wconf 84' lang='lat' dir='ltr'>Angelis</span> <span class='ocrx_word' id='word_1_470' title='bbox 2049 3148 2090 3182; x_wconf 91' lang='lat' dir='ltr'>et</span> <span class='ocrx_word' id='word_1_471' title='bbox 2108 3142 2170 3183; x_wconf 90' lang='lat' dir='ltr'>in-</span> 
     </span>
     <span class='ocr_line' id='line_1_100' title="bbox 1301 3195 2168 3250; baseline 0.002 -14"><span class='ocrx_word' id='word_1_472' title='bbox 1301 3195 1417 3236; x_wconf 88' lang='lat' dir='ltr'>formi</span> <span class='ocrx_word' id='word_1_473' title='bbox 1451 3195 1616 3236; x_wconf 87' lang='lat' dir='ltr'>materia</span> <span class='ocrx_word' id='word_1_474' title='bbox 1646 3195 1764 3236; x_wconf 86' lang='lat' dir='ltr'>sentit</span> <span class='ocrx_word' id='word_1_475' title='bbox 1795 3196 2060 3250; x_wconf 80' lang='lat' dir='ltr'>AugustinuS,</span> <span class='ocrx_word' id='word_1_476' title='bbox 2087 3211 2168 3238; x_wconf 91' lang='lat' dir='ltr'>non</span> 
     </span>
     <span class='ocr_line' id='line_1_101' title="bbox 1304 3251 2168 3306; baseline 0.003 -15"><span class='ocrx_word' id='word_1_477' title='bbox 1304 3259 1468 3304; x_wconf 86' lang='lat' dir='ltr'>possunt</span> <span class='ocrx_word' id='word_1_478' title='bbox 1486 3251 1739 3292; x_wconf 88' lang='lat' dir='ltr'>oblocutores</span> <span class='ocrx_word' id='word_1_479' title='bbox 1758 3265 1914 3306; x_wconf 83' lang='lat' dir='ltr'>negare.</span> <span class='ocrx_word' id='word_1_480' title='bbox 2085 3254 2168 3294; x_wconf 87' lang='lat'>233</span> 
     </span>
     <span class='ocr_line' id='line_1_102' title="bbox 1249 3306 2167 3363; baseline 0.001 -15"><span class='ocrx_word' id='word_1_481' title='bbox 1249 3307 1375 3348; x_wconf 92' lang='lat' dir='ltr'>XVI.</span> <span class='ocrx_word' id='word_1_482' title='bbox 1408 3306 1510 3347; x_wconf 86' lang='lat' dir='ltr'>Rem</span> <span class='ocrx_word' id='word_1_483' title='bbox 1530 3307 1679 3347; x_wconf 90' lang='lat' dir='ltr'>habere</span> <span class='ocrx_word' id='word_1_484' title='bbox 1700 3320 1779 3346; x_wconf 91' lang='lat' dir='ltr'>non</span> <span class='ocrx_word' id='word_1_485' title='bbox 1801 3307 1886 3347; x_wconf 92' lang='lat' dir='ltr'>vult</span> <span class='ocrx_word' id='word_1_486' title='bbox 1905 3321 1999 3348; x_wconf 89' lang='lat' dir='ltr'>cum</span> <span class='ocrx_word' id='word_1_487' title='bbox 2025 3307 2073 3349; x_wconf 79' lang='lat' dir='ltr'>iis</span> <span class='ocrx_word' id='word_1_488' title='bbox 2098 3309 2167 3363; x_wconf 88' lang='lat' dir='ltr'>qui</span> 
     </span>
     <span class='ocr_line' id='line_1_103' title="bbox 1302 3361 2167 3405; baseline 0.003 -3"><span class='ocrx_word' id='word_1_489' title='bbox 1302 3362 1587 3403; x_wconf 89' lang='lat' dir='ltr'>contradicunt</span> <span class='ocrx_word' id='word_1_490' title='bbox 1604 3361 1759 3403; x_wconf 87' lang='lat' dir='ltr'>veritati</span> <span class='ocrx_word' id='word_1_491' title='bbox 1777 3362 1937 3402; x_wconf 81' lang='lat' dir='ltr'>divinae.</span> <span class='ocrx_word' id='word_1_492' title='bbox 2082 3365 2167 3405; x_wconf 87' lang='grc'>235</span> 
     </span>
     <span class='ocr_line' id='line_1_104' title="bbox 1246 3417 2164 3460; baseline 0.002 -3"><span class='ocrx_word' id='word_1_493' title='bbox 1246 3418 1396 3459; x_wconf 90' lang='lat' dir='ltr'>XVII.</span> <span class='ocrx_word' id='word_1_494' title='bbox 1428 3418 1486 3459; x_wconf 91' lang='lat' dir='ltr'>Ut</span> <span class='ocrx_word' id='word_1_495' title='bbox 1505 3417 1602 3458; x_wconf 90' lang='lat' dir='ltr'>coeli</span> <span class='ocrx_word' id='word_1_496' title='bbox 1621 3426 1661 3458; x_wconf 89' lang='lat' dir='ltr'>et</span> <span class='ocrx_word' id='word_1_497' title='bbox 1678 3424 1791 3457; x_wconf 82' lang='lat' dir='ltr'>terrae</span> <span class='ocrx_word' id='word_1_498' title='bbox 1811 3418 2039 3459; x_wconf 87' lang='lat' dir='ltr'>nominibus</span> <span class='ocrx_word' id='word_1_499' title='bbox 2057 3418 2164 3460; x_wconf 90' lang='lat' dir='ltr'>aliud</span> 
     </span>
     <span class='ocr_line' id='line_1_105' title="bbox 1300 3471 2166 3527; baseline 0.002 -13"><span class='ocrx_word' id='word_1_500' title='bbox 1300 3480 1342 3514; x_wconf 90' lang='lat' dir='ltr'>et</span> <span class='ocrx_word' id='word_1_501' title='bbox 1361 3471 1474 3513; x_wconf 88' lang='lat' dir='ltr'>aliud</span> <span class='ocrx_word' id='word_1_502' title='bbox 1493 3472 1661 3526; x_wconf 88' lang='lat' dir='ltr'>intelligi</span> <span class='ocrx_word' id='word_1_503' title='bbox 1681 3479 1821 3527; x_wconf 90' lang='lat' dir='ltr'>potest.</span> <span class='ocrx_word' id='word_1_504' title='bbox 2081 3476 2166 3516; x_wconf 80' lang='lat'>236</span> 
     </span>
     <span class='ocr_line' id='line_1_106' title="bbox 1247 3527 2166 3583; baseline 0.001 -14"><span class='ocrx_word' id='word_1_505' title='bbox 1247 3528 1422 3569; x_wconf 91' lang='lat' dir='ltr'>XVIII.</span> <span class='ocrx_word' id='word_1_506' title='bbox 1454 3528 1556 3576; x_wconf 85' lang='lat' dir='ltr'>Quis</span> <span class='ocrx_word' id='word_1_507' title='bbox 1573 3541 1680 3569; x_wconf 90' lang='lat' dir='ltr'>error</span> <span class='ocrx_word' id='word_1_508' title='bbox 1696 3528 1881 3569; x_wconf 87' lang='lat' dir='ltr'>innoxius</span> <span class='ocrx_word' id='word_1_509' title='bbox 1907 3527 1950 3569; x_wconf 89' lang='lat' dir='ltr'>in</span> <span class='ocrx_word' id='word_1_510' title='bbox 1984 3528 2166 3583; x_wconf 89' lang='lat' dir='ltr'>Scriptu-</span> 
     </span>
     <span class='ocr_line' id='line_1_107' title="bbox 1300 3583 2161 3625; baseline 0 -1"><span class='ocrx_word' id='word_1_511' title='bbox 1300 3583 1368 3625; x_wconf 85' lang='lat' dir='ltr'>ris.</span> <span class='ocrx_word' id='word_1_512' title='bbox 2078 3586 2161 3625; x_wconf 88' lang='grc'>237</span> 
     </span>
     <span class='ocr_line' id='line_1_108' title="bbox 1243 3637 2161 3692; baseline 0.001 -13"><span class='ocrx_word' id='word_1_513' title='bbox 1243 3639 1367 3679; x_wconf 90' lang='grc' dir='ltr'><strong>ΧΙΧ.</strong></span> <span class='ocrx_word' id='word_1_514' title='bbox 1393 3639 1498 3687; x_wconf 82' lang='lat' dir='ltr'>Quae</span> <span class='ocrx_word' id='word_1_515' title='bbox 1516 3637 1667 3692; x_wconf 90' lang='lat' dir='ltr'>liquido</span> <span class='ocrx_word' id='word_1_516' title='bbox 1687 3652 1794 3680; x_wconf 87' lang='lat' dir='ltr'>vera.</span> <span class='ocrx_word' id='word_1_517' title='bbox 2077 3641 2161 3680; x_wconf 82' lang='grc'>238</span> 
     </span>
     <span class='ocr_line' id='line_1_109' title="bbox 1243 3694 2160 3747; baseline -0.002 -12"><span class='ocrx_word' id='word_1_518' title='bbox 1243 3695 1340 3735; x_wconf 87' lang='lat' dir='ltr'>XX.</span> <span class='ocrx_word' id='word_1_519' title='bbox 1372 3694 1423 3734; x_wconf 84' lang='lat' dir='ltr'>In</span> <span class='ocrx_word' id='word_1_520' title='bbox 1451 3695 1643 3747; x_wconf 79' lang='lat' dir='ltr'>principio</span> <span class='ocrx_word' id='word_1_521' title='bbox 1670 3698 1817 3735; x_wconf 80' lang='lat' dir='ltr'>creavit</span> <span class='ocrx_word' id='word_1_522' title='bbox 1849 3701 1926 3736; x_wconf 85' lang='lat' dir='ltr'>etc.</span> <span class='ocrx_word' id='word_1_523' title='bbox 1960 3694 2069 3737; x_wconf 76' lang='lat' dir='ltr'>varie</span> <span class='ocrx_word' id='word_1_524' title='bbox 2100 3694 2160 3733; x_wconf 90' lang='lat' dir='ltr'>in-</span> 
     </span>
     <span class='ocr_line' id='line_1_110' title="bbox 1297 3749 2159 3792; baseline -0.002 -2"><span class='ocrx_word' id='word_1_525' title='bbox 1297 3749 1517 3792; x_wconf 85' lang='lat' dir='ltr'>tellectum.</span> <span class='ocrx_word' id='word_1_526' title='bbox 2102 3751 2159 3789; x_wconf 78' lang='lat' dir='ltr'>id.</span> 
     </span>
    </p>
   </div>
  </div>
 </body>
</html>
