2378 4134
133 831 241 887 Eph.
259 833 302 882 3,

132 889 204 930 20.

140 1267 208 1308 Ps.
225 1266 298 1312 29,

139 1323 205 1362 12.

342 165 450 218 144
530 165 586 218 S.
627 165 1071 220 AUGUSTINI
1112 165 1474 219 EPISCOPI
1514 165 1737 219 CONF.
1778 164 1926 217 LIB.
1967 163 2132 216 VIII.

336 316 395 351 se
433 298 638 363 retulit,
679 297 927 369 mihique
969 298 1198 369 aperuit.
1275 298 1388 352 Sed
1430 298 1527 353 tali
1571 296 1943 352 admonitione
1986 296 2233 349 firmatus
2301 279 2339 388 3¹2:

335 391 436 450 est,
478 384 796 455 placitoque
841 402 906 437 ac
949 383 1234 454 proposito
1284 385 1434 437 bono
1482 391 1538 438 et
1585 383 2078 451 congruentissimo
2121 382 2236 435 suis

334 470 598 537 moribus,
643 470 847 541 quibus
888 488 922 522 a
964 488 1052 522 me
1091 469 1150 522 in
1188 469 1384 522 melius
1420 467 1539 540 jam
1584 469 1717 523 olim
1760 468 1920 522 valde
1958 468 2235 539 longeque
2339 526 2361 545 A*

335 556 591 622 distabat,
645 557 762 609 sine
811 555 928 607 ulla
978 556 1292 608 turbulenta
1352 555 1698 609 cunctatione
1759 555 2086 627 conjunctus
2135 561 2233 608 est.
2323 578 2330 582 ·

335 644 475 698 Inde
501 644 572 698 ad
595 650 824 697 matrem
848 643 1215 711 ingredimur:
1255 642 1599 709 indicamus3
1642 643 1858 713 gaudet.
1936 645 2236 697 Narramus

337 729 799 803 quemadmodum
839 735 1055 796 gestum
1095 730 1166 782 sit
1181 749 1195 794 ;
1236 730 1479 782 exsultat
1515 737 1571 782 et
1605 730 1938 801 triumphat3
1979 737 2034 783 et
2069 732 2236 784 bene-

337 818 557 872 dicebat
574 817 695 881 tibi,
711 817 810 887 qui
827 822 1024 883 potens
1039 835 1095 869 es
1112 818 1264 869 ultra
1289 834 1456 886 quam
1474 818 1724 884 petimus
1747 825 1850 870 aut
1874 819 2238 886 intelliqimus

318 907 538 976 facere,
568 904 699 974 quia
723 909 876 955 tanto
903 903 1138 972 amplius
1166 902 1272 955 sibi
1299 922 1332 956 a
1357 908 1410 955 te
1437 920 1762 956 concessum
1789 903 1856 957 de
1883 922 1971 957 me
1996 904 2237 970 videbat,

339 1011 504 1063 quam
553 996 737 1060 petere
783 990 995 1042 solebat
1035 990 1442 1043 miserabilibus
1485 990 1873 1062 flebilibusque
1926 993 2235 1060 gemitibus.

340 1077 672 1133 Convertisti
712 1076 861 1129 enim
900 1094 987 1128 me
1029 1074 1101 1127 ad
1140 1082 1213 1140 te,
1253 1081 1316 1127 ut
1357 1093 1460 1128 nec
1503 1094 1734 1129 uxorem
1775 1096 2090 1147 quaererem,
2133 1097 2236 1132 nec

338 1166 582 1237 aliquam
621 1182 777 1235 spem
813 1163 982 1235 hujus
1021 1164 1228 1228 saeculi,
1255 1170 1406 1217 stans
1443 1163 1503 1216 in
1541 1182 1607 1217 ea
1641 1167 1833 1233 regula
1855 1166 2021 1219 fidei‘
2043 1167 2103 1219 in
2130 1186 2240 1238 qua

338 1274 427 1307 me
454 1260 581 1306 ante
607 1260 688 1306 tot
714 1271 887 1306 annos
914 1252 966 1304 ei
991 1252 1343 1304 revelaveras.
1422 1253 1507 1304 Et
1540 1255 1858 1305 convertisti
1881 1255 2092 1306 luctum
2120 1255 2238 1324 ejus

338 1344 400 1394 in
434 1342 708 1410 glaudium
749 1342 921 1393 multo
959 1339 1185 1391 uberius
1224 1357 1391 1408 quam
1428 1340 1702 1404 voluerat3
1744 1346 1797 1392 et
1822 1342 1995 1393 multo
2022 1341 2241 1395 charius

342 1437 506 1500 atque
535 1429 755 1496 castiUS,
784 1447 950 1499 quam
978 1427 1046 1479 de
1071 1426 1369 1496 nepotibus
1396 1427 1575 1479 carnis
1602 1446 1738 1480 meae
1764 1428 2091 1499 requirebat.

1026 1622 1048 1656 ἔ
1080 1617 1177 1660 Vid.
1197 1632 1285 1674 sup.
1307 1618 1336 1658 1.
1358 1617 1416 1659 iii.
1437 1631 1474 1659 c.
1498 1620 1562 1659 ΙΙ.
