<?xml version="1.0" encoding="UTF-8"?>
<!DOCTYPE html PUBLIC "-//W3C//DTD XHTML 1.0 Transitional//EN"
    "http://www.w3.org/TR/xhtml1/DTD/xhtml1-transitional.dtd">
<html xmlns="http://www.w3.org/1999/xhtml" xml:lang="en" lang="en">
 <head>
  <title>
</title>
<meta http-equiv="Content-Type" content="text/html;charset=utf-8" />
  <meta name='ocr-system' content='tesseract 3.04.00' />
  <meta name='ocr-capabilities' content='ocr_page ocr_carea ocr_par ocr_line ocrx_word'/>
</head>
<body>
  <div class='ocr_page' id='page_1' title='image "a545544600auguuoft_0041.png"; bbox 0 0 2378 4134; ppageno 0'>
   <div class='ocr_carea' id='block_1_1' title="bbox 537 244 1965 302">
    <p class='ocr_par' dir='ltr' id='par_1_1' title="bbox 537 244 1965 302">
     <span class='ocr_line' id='line_1_1' title="bbox 537 244 1965 302; baseline -0.006 0"><span class='ocrx_word' id='word_1_1' title='bbox 537 246 1140 302; x_wconf 87' lang='lat' dir='ltr'>CONFESSIONUM</span> <span class='ocrx_word' id='word_1_2' title='bbox 1180 244 1419 298; x_wconf 89' lang='lat' dir='ltr'><strong>LIBER</strong></span> <span class='ocrx_word' id='word_1_3' title='bbox 1456 245 1532 297; x_wconf 94' lang='lat' dir='ltr'><strong>II.</strong></span> <span class='ocrx_word' id='word_1_4' title='bbox 1896 246 1965 295; x_wconf 74' lang='lat'><strong>23</strong></span> 
     </span>
    </p>
   </div>
   <div class='ocr_carea' id='block_1_2' title="bbox 91 374 2165 3595">
    <p class='ocr_par' dir='ltr' id='par_1_2' title="bbox 100 374 1966 1726">
     <span class='ocr_line' id='line_1_2' title="bbox 106 374 1964 449; baseline -0.004 -17"><span class='ocrx_word' id='word_1_5' title='bbox 106 398 220 432; x_wconf 84' lang='lat' dir='ltr'><strong>rum</strong></span> <span class='ocrx_word' id='word_1_6' title='bbox 257 381 536 444; x_wconf 89' lang='lat' dir='ltr'><strong>bonorum,</strong></span> <span class='ocrx_word' id='word_1_7' title='bbox 562 397 683 449; x_wconf 85' lang='lat' dir='ltr'><strong>quae</strong></span> <span class='ocrx_word' id='word_1_8' title='bbox 720 378 909 431; x_wconf 87' lang='lat' dir='ltr'><strong>infima</strong></span> <span class='ocrx_word' id='word_1_9' title='bbox 946 377 1202 440; x_wconf 66' lang='lat' dir='ltr'><strong>diximm,</strong></span> <span class='ocrx_word' id='word_1_10' title='bbox 1228 394 1347 429; x_wconf 88' lang='lat' dir='ltr'><strong>esse</strong></span> <span class='ocrx_word' id='word_1_11' title='bbox 1370 375 1612 444; x_wconf 90' lang='lat' dir='ltr'><strong>potuisse</strong></span> <span class='ocrx_word' id='word_1_12' title='bbox 1639 374 1964 443; x_wconf 88' lang='lat' dir='ltr'><strong>apparuerit,</strong></span> 
     </span>
     <span class='ocr_line' id='line_1_3' title="bbox 106 459 1962 528; baseline -0.003 -11"><span class='ocrx_word' id='word_1_13' title='bbox 106 473 199 517; x_wconf 87' lang='lat' dir='ltr'><strong>aut</strong></span> <span class='ocrx_word' id='word_1_14' title='bbox 233 471 407 517; x_wconf 89' lang='lat' dir='ltr'><strong>metus</strong></span> <span class='ocrx_word' id='word_1_15' title='bbox 444 460 747 517; x_wconf 56' lang='lat' dir='ltr'><strong>amittendi?</strong></span> <span class='ocrx_word' id='word_1_16' title='bbox 825 463 1061 516; x_wconf 82' lang='lat' dir='ltr'><strong>Pulchra</strong></span> <span class='ocrx_word' id='word_1_17' title='bbox 1107 468 1234 514; x_wconf 87' lang='lat' dir='ltr'><strong>sunt</strong></span> <span class='ocrx_word' id='word_1_18' title='bbox 1269 460 1412 513; x_wconf 88' lang='lat' dir='ltr'><strong>enim</strong></span> <span class='ocrx_word' id='word_1_19' title='bbox 1451 466 1506 511; x_wconf 90' lang='lat' dir='ltr'><strong>et</strong></span> <span class='ocrx_word' id='word_1_20' title='bbox 1542 459 1754 522; x_wconf 89' lang='lat' dir='ltr'><strong>decora,</strong></span> <span class='ocrx_word' id='word_1_21' title='bbox 1795 477 1962 528; x_wconf 85' lang='lat' dir='ltr'><strong>quan·</strong></span> 
     </span>
     <span class='ocr_line' id='line_1_4' title="bbox 106 545 1962 618; baseline -0.003 -17"><span class='ocrx_word' id='word_1_22' title='bbox 106 568 267 618; x_wconf 88' lang='lat' dir='ltr'><strong>quam</strong></span> <span class='ocrx_word' id='word_1_23' title='bbox 287 567 403 618; x_wconf 85' lang='lat' dir='ltr'><strong>prae</strong></span> <span class='ocrx_word' id='word_1_24' title='bbox 425 548 584 601; x_wconf 83' lang='lat' dir='ltr'><strong>bonis</strong></span> <span class='ocrx_word' id='word_1_25' title='bbox 603 548 968 617; x_wconf 88' lang='lat' dir='ltr'><strong>superioribus</strong></span> <span class='ocrx_word' id='word_1_26' title='bbox 994 546 1081 600; x_wconf 68' lang='lat' dir='ltr'><strong>et*</strong></span> <span class='ocrx_word' id='word_1_27' title='bbox 1110 546 1379 600; x_wconf 90' lang='lat' dir='ltr'><strong>beatificis</strong></span> <span class='ocrx_word' id='word_1_28' title='bbox 1406 546 1618 616; x_wconf 85' lang='lat' dir='ltr'><strong>abjecta</strong></span> <span class='ocrx_word' id='word_1_29' title='bbox 1635 551 1691 596; x_wconf 91' lang='lat' dir='ltr'><strong>et</strong></span> <span class='ocrx_word' id='word_1_30' title='bbox 1706 545 1962 615; x_wconf 84' lang='lat' dir='ltr'><strong>jacentia.</strong></span> 
     </span>
     <span class='ocr_line' id='line_1_5' title="bbox 106 629 1966 702; baseline -0.002 -16"><span class='ocrx_word' id='word_1_31' title='bbox 106 634 478 686; x_wconf 89' lang='lat' dir='ltr'><strong>Homicidium</strong></span> <span class='ocrx_word' id='word_1_32' title='bbox 503 634 645 687; x_wconf 90' lang='lat' dir='ltr'><strong>fecit.</strong></span> <span class='ocrx_word' id='word_1_33' title='bbox 722 634 833 687; x_wconf 86' lang='lat' dir='ltr'><strong>Cur</strong></span> <span class='ocrx_word' id='word_1_34' title='bbox 856 633 1024 686; x_wconf 88' lang='lat' dir='ltr'><strong>fecit?</strong></span> <span class='ocrx_word' id='word_1_35' title='bbox 1089 631 1377 685; x_wconf 85' lang='lat' dir='ltr'><strong>Adamavit</strong></span> <span class='ocrx_word' id='word_1_36' title='bbox 1409 631 1524 702; x_wconf 90' lang='lat' dir='ltr'><strong>ejus</strong></span> <span class='ocrx_word' id='word_1_37' title='bbox 1558 629 1846 700; x_wconf 86' lang='lat' dir='ltr'><strong>conjugem</strong></span> <span class='ocrx_word' id='word_1_38' title='bbox 1873 637 1966 683; x_wconf 87' lang='lat' dir='ltr'><strong>aut</strong></span> 
     </span>
     <span class='ocr_line' id='line_1_6' title="bbox 102 717 1962 790; baseline -0.001 -19"><span class='ocrx_word' id='word_1_39' title='bbox 102 719 382 789; x_wconf 82' lang='lat' dir='ltr'><strong>praedium,</strong></span> <span class='ocrx_word' id='word_1_40' title='bbox 420 727 512 773; x_wconf 87' lang='lat' dir='ltr'><strong>aut</strong></span> <span class='ocrx_word' id='word_1_41' title='bbox 548 721 720 773; x_wconf 90' lang='lat' dir='ltr'><strong>voluit</strong></span> <span class='ocrx_word' id='word_1_42' title='bbox 755 720 1052 790; x_wconf 86' lang='lat' dir='ltr'><strong>depraedari</strong></span> <span class='ocrx_word' id='word_1_43' title='bbox 1101 719 1244 772; x_wconf 91' lang='lat' dir='ltr'><strong>unde</strong></span> <span class='ocrx_word' id='word_1_44' title='bbox 1292 719 1511 782; x_wconf 88' lang='lat' dir='ltr'><strong>viveret,</strong></span> <span class='ocrx_word' id='word_1_45' title='bbox 1549 724 1642 771; x_wconf 88' lang='lat' dir='ltr'><strong>aut</strong></span> <span class='ocrx_word' id='word_1_46' title='bbox 1678 717 1858 770; x_wconf 86' lang='lat' dir='ltr'>timuit</span> <span class='ocrx_word' id='word_1_47' title='bbox 1893 719 1962 769; x_wconf 86' lang='lat' dir='ltr'><strong>ab</strong></span> 
     </span>
     <span class='ocr_line' id='line_1_7' title="bbox 104 803 1961 875; baseline -0.001 -20"><span class='ocrx_word' id='word_1_48' title='bbox 104 805 196 856; x_wconf 83' lang='lat' dir='ltr'><strong>illo</strong></span> <span class='ocrx_word' id='word_1_49' title='bbox 220 807 325 857; x_wconf 91' lang='lat' dir='ltr'><strong>tale</strong></span> <span class='ocrx_word' id='word_1_50' title='bbox 351 805 558 875; x_wconf 91' lang='lat' dir='ltr'><strong>aliquid</strong></span> <span class='ocrx_word' id='word_1_51' title='bbox 593 805 850 870; x_wconf 87' lang='lat' dir='ltr'><strong>amittere,</strong></span> <span class='ocrx_word' id='word_1_52' title='bbox 878 813 970 858; x_wconf 86' lang='lat' dir='ltr'><strong>aut</strong></span> <span class='ocrx_word' id='word_1_53' title='bbox 1002 807 1164 858; x_wconf 88' lang='lat' dir='ltr'><strong>laesus</strong></span> <span class='ocrx_word' id='word_1_54' title='bbox 1198 804 1389 857; x_wconf 91' lang='lat' dir='ltr'><strong>ulcisci</strong></span> <span class='ocrx_word' id='word_1_55' title='bbox 1425 814 1483 855; x_wconf 84' lang='lat' dir='ltr'><strong>se&#39;</strong></span> <span class='ocrx_word' id='word_1_56' title='bbox 1518 803 1735 855; x_wconf 84' lang='lat' dir='ltr'><strong>exarsit.</strong></span> <span class='ocrx_word' id='word_1_57' title='bbox 1815 804 1961 854; x_wconf 90' lang='lat' dir='ltr'><strong>Num</strong></span> 
     </span>
     <span class='ocr_line' id='line_1_8' title="bbox 103 887 1958 959; baseline -0.001 -19"><span class='ocrx_word' id='word_1_58' title='bbox 103 890 451 942; x_wconf 87' lang='lat' dir='ltr'><strong>homicidium</strong></span> <span class='ocrx_word' id='word_1_59' title='bbox 496 890 611 942; x_wconf 89' lang='lat' dir='ltr'><strong>sine</strong></span> <span class='ocrx_word' id='word_1_60' title='bbox 654 908 818 942; x_wconf 89' lang='lat' dir='ltr'><strong>causa</strong></span> <span class='ocrx_word' id='word_1_61' title='bbox 859 890 1073 954; x_wconf 85' lang='lat' dir='ltr'><strong>faceret,</strong></span> <span class='ocrx_word' id='word_1_62' title='bbox 1117 890 1238 959; x_wconf 92' lang='lat' dir='ltr'><strong>ipso</strong></span> <span class='ocrx_word' id='word_1_63' title='bbox 1281 888 1577 941; x_wconf 81' lang='lat' dir='ltr'><strong>homicidio</strong></span> <span class='ocrx_word' id='word_1_64' title='bbox 1621 887 1958 940; x_wconf 86' lang='lat' dir='ltr'><strong>delectatus?</strong></span> 
     </span>
     <span class='ocr_line' id='line_1_9' title="bbox 102 972 1962 1045; baseline -0.002 -19"><span class='ocrx_word' id='word_1_65' title='bbox 102 975 238 1034; x_wconf 84' lang='lat' dir='ltr'><strong>Quis</strong></span> <span class='ocrx_word' id='word_1_66' title='bbox 264 974 585 1027; x_wconf 83' lang='lat' dir='ltr'><strong>crediderit?</strong></span> <span class='ocrx_word' id='word_1_67' title='bbox 654 976 795 1027; x_wconf 90' lang='lat' dir='ltr'><strong>Nam</strong></span> <span class='ocrx_word' id='word_1_68' title='bbox 821 981 876 1027; x_wconf 93' lang='lat' dir='ltr'><strong>et</strong></span> <span class='ocrx_word' id='word_1_69' title='bbox 900 974 966 1026; x_wconf 88' lang='lat' dir='ltr'><strong>de</strong></span> <span class='ocrx_word' id='word_1_70' title='bbox 995 993 1102 1045; x_wconf 93' lang='lat' dir='ltr'><strong>quo</strong></span> <span class='ocrx_word' id='word_1_71' title='bbox 1129 974 1332 1027; x_wconf 90' lang='lat' dir='ltr'><strong>dictum</strong></span> <span class='ocrx_word' id='word_1_72' title='bbox 1371 980 1453 1025; x_wconf 89' lang='lat' dir='ltr'><strong>est</strong></span> <span class='ocrx_word' id='word_1_73' title='bbox 1479 972 1695 1025; x_wconf 88' lang='lat' dir='ltr'><strong>vecordi</strong></span> <span class='ocrx_word' id='word_1_74' title='bbox 1722 980 1776 1024; x_wconf 91' lang='lat' dir='ltr'><strong>et</strong></span> <span class='ocrx_word' id='word_1_75' title='bbox 1799 972 1962 1023; x_wconf 89' lang='lat' dir='ltr'><strong>nimis</strong></span> 
     </span>
     <span class='ocr_line' id='line_1_10' title="bbox 102 1057 1962 1130; baseline -0.001 -20"><span class='ocrx_word' id='word_1_76' title='bbox 102 1058 303 1111; x_wconf 88' lang='lat' dir='ltr'><strong>crudeli</strong></span> <span class='ocrx_word' id='word_1_77' title='bbox 340 1060 576 1124; x_wconf 89' lang='lat' dir='ltr'><strong>homine,</strong></span> <span class='ocrx_word' id='word_1_78' title='bbox 616 1059 763 1130; x_wconf 90' lang='lat' dir='ltr'><strong>quod</strong></span> <span class='ocrx_word' id='word_1_79' title='bbox 802 1060 1031 1126; x_wconf 86' lang='lat' dir='ltr'><strong>gratuito</strong></span> <span class='ocrx_word' id='word_1_80' title='bbox 1079 1060 1262 1128; x_wconf 91' lang='lat' dir='ltr'><strong>potius</strong></span> <span class='ocrx_word' id='word_1_81' title='bbox 1299 1060 1473 1111; x_wconf 84' lang='lat' dir='ltr'><strong>malus</strong></span> <span class='ocrx_word' id='word_1_82' title='bbox 1523 1066 1686 1127; x_wconf 89' lang='lat' dir='ltr'><strong>atque</strong></span> <span class='ocrx_word' id='word_1_83' title='bbox 1730 1057 1962 1110; x_wconf 90' lang='lat' dir='ltr'><strong>crudelis</strong></span> 
     </span>
     <span class='ocr_line' id='line_1_11' title="bbox 102 1143 1960 1213; baseline -0.001 -17"><span class='ocrx_word' id='word_1_84' title='bbox 102 1152 229 1210; x_wconf 87' lang='lat' dir='ltr'><strong>erat,</strong></span> <span class='ocrx_word' id='word_1_85' title='bbox 254 1145 514 1213; x_wconf 77' lang='lat' dir='ltr'><strong>praedicta</strong></span> <span class='ocrx_word' id='word_1_86' title='bbox 548 1151 631 1197; x_wconf 88' lang='lat' dir='ltr'><strong>est</strong></span> <span class='ocrx_word' id='word_1_87' title='bbox 666 1153 844 1197; x_wconf 89' lang='lat' dir='ltr'><strong>tamen</strong></span> <span class='ocrx_word' id='word_1_88' title='bbox 878 1163 1069 1198; x_wconf 88' lang='lat' dir='ltr'><strong>causa:</strong></span> <span class='ocrx_word' id='word_1_89' title='bbox 1110 1146 1143 1171; x_wconf 89' lang='lat'><strong>“</strong></span> <span class='ocrx_word' id='word_1_90' title='bbox 1173 1146 1259 1196; x_wconf 90' lang='lat' dir='ltr'><strong>Nc</strong></span> <span class='ocrx_word' id='word_1_91' title='bbox 1292 1162 1388 1213; x_wconf 91' lang='lat' dir='ltr'><strong>per</strong></span> <span class='ocrx_word' id='word_1_92' title='bbox 1420 1144 1608 1208; x_wconf 79' lang='lat' dir='ltr'><strong>otium,</strong></span> <span class='ocrx_word' id='word_1_93' title='bbox 1634 1143 1830 1213; x_wconf 89' lang='lat' dir='ltr'><strong>inquit,</strong></span> <span class='ocrx_word' id='word_1_94' title='bbox 1856 1151 1960 1195; x_wconf 91' lang='lat' dir='ltr'><strong>tor·</strong></span> 
     </span>
     <span class='ocr_line' id='line_1_12' title="bbox 101 1227 1955 1298; baseline -0.001 -17"><span class='ocrx_word' id='word_1_95' title='bbox 101 1230 134 1256; x_wconf 90' lang='lat'><strong>“</strong></span> <span class='ocrx_word' id='word_1_96' title='bbox 162 1237 405 1298; x_wconf 89' lang='lat' dir='ltr'><strong>pesceret</strong></span> <span class='ocrx_word' id='word_1_97' title='bbox 427 1248 618 1282; x_wconf 88' lang='lat' dir='ltr'><strong>manus</strong></span> <span class='ocrx_word' id='word_1_98' title='bbox 653 1237 745 1282; x_wconf 83' lang='lat' dir='ltr'><strong>aut</strong></span> <span class='ocrx_word' id='word_1_99' title='bbox 769 1230 979 1282; x_wconf 90' lang='lat' dir='ltr'><strong>animus</strong></span> <span class='ocrx_word' id='word_1_100' title='bbox 989 1231 1056 1280; x_wconf 86' lang='lat'>‘¹.&#39;’</span> <span class='ocrx_word' id='word_1_101' title='bbox 1131 1231 1309 1290; x_wconf 82' lang='lat' dir='ltr'>Quare</span> <span class='ocrx_word' id='word_1_102' title='bbox 1333 1229 1392 1280; x_wconf 89' lang='lat' dir='ltr'><strong>id</strong></span> <span class='ocrx_word' id='word_1_103' title='bbox 1419 1247 1637 1298; x_wconf 91' lang='lat' dir='ltr'><strong>quoque</strong></span> <span class='ocrx_word' id='word_1_104' title='bbox 1659 1228 1677 1280; x_wconf 91' lang='lat'>?</span> <span class='ocrx_word' id='word_1_105' title='bbox 1721 1246 1816 1281; x_wconf 92' lang='lat' dir='ltr'><strong>cur</strong></span> <span class='ocrx_word' id='word_1_106' title='bbox 1840 1229 1916 1280; x_wconf 87' lang='lat' dir='ltr'><strong>ita</strong></span> <span class='ocrx_word' id='word_1_107' title='bbox 1938 1227 1955 1280; x_wconf 91' lang='lat'>?</span> 
     </span>
     <span class='ocr_line' id='line_1_13' title="bbox 109 1315 1960 1382; baseline 0 -17"><span class='ocrx_word' id='word_1_108' title='bbox 109 1316 183 1365; x_wconf 93' lang='lat' dir='ltr'><strong>Ut</strong></span> <span class='ocrx_word' id='word_1_109' title='bbox 220 1315 425 1367; x_wconf 87' lang='lat' dir='ltr'><strong>scilicet</strong></span> <span class='ocrx_word' id='word_1_110' title='bbox 459 1316 553 1367; x_wconf 88' lang='lat' dir='ltr'><strong>illa</strong></span> <span class='ocrx_word' id='word_1_111' title='bbox 590 1315 973 1367; x_wconf 79' lang='lat' dir='ltr'><strong>exercitatione</strong></span> <span class='ocrx_word' id='word_1_112' title='bbox 1013 1316 1290 1378; x_wconf 89' lang='lat' dir='ltr'><strong>scelerum,</strong></span> <span class='ocrx_word' id='word_1_113' title='bbox 1330 1321 1490 1382; x_wconf 86' lang='lat' dir='ltr'><strong>capta</strong></span> <span class='ocrx_word' id='word_1_114' title='bbox 1526 1315 1675 1377; x_wconf 86' lang='lat' dir='ltr'><strong>urbc,</strong></span> <span class='ocrx_word' id='word_1_115' title='bbox 1713 1315 1960 1379; x_wconf 86' lang='lat' dir='ltr'><strong>honores,</strong></span> 
     </span>
     <span class='ocr_line' id='line_1_14' title="bbox 100 1398 1959 1470; baseline -0.001 -20"><span class='ocrx_word' id='word_1_116' title='bbox 100 1401 341 1468; x_wconf 86' lang='lat' dir='ltr'><strong>imperia,</strong></span> <span class='ocrx_word' id='word_1_117' title='bbox 369 1401 583 1454; x_wconf 89' lang='lat' dir='ltr'><strong>divitias</strong></span> <span class='ocrx_word' id='word_1_118' title='bbox 620 1407 1005 1470; x_wconf 83' lang='lat' dir='ltr'><strong>assequeretur,</strong></span> <span class='ocrx_word' id='word_1_119' title='bbox 1031 1409 1085 1453; x_wconf 88' lang='lat' dir='ltr'><strong>et</strong></span> <span class='ocrx_word' id='word_1_120' title='bbox 1110 1407 1313 1452; x_wconf 85' lang='lat' dir='ltr'><strong>careret</strong></span> <span class='ocrx_word' id='word_1_121' title='bbox 1336 1406 1482 1452; x_wconf 93' lang='lat' dir='ltr'><strong>metu</strong></span> <span class='ocrx_word' id='word_1_122' title='bbox 1518 1402 1717 1466; x_wconf 87' lang='lat' dir='ltr'><strong>legum,</strong></span> <span class='ocrx_word' id='word_1_123' title='bbox 1744 1407 1797 1450; x_wconf 88' lang='lat' dir='ltr'><strong>et</strong></span> <span class='ocrx_word' id='word_1_124' title='bbox 1822 1398 1959 1449; x_wconf 86' lang='lat' dir='ltr'><strong>diffi-</strong></span> 
     </span>
     <span class='ocr_line' id='line_1_15' title="bbox 102 1484 1961 1555; baseline -0.001 -19"><span class='ocrx_word' id='word_1_125' title='bbox 102 1486 298 1537; x_wconf 90' lang='lat' dir='ltr'><strong>cultate</strong></span> <span class='ocrx_word' id='word_1_126' title='bbox 333 1504 524 1550; x_wconf 80' lang='lat' dir='ltr'><strong>rerum,</strong></span> <span class='ocrx_word' id='word_1_127' title='bbox 551 1493 764 1555; x_wconf 90' lang='lat' dir='ltr'><strong>propter</strong></span> <span class='ocrx_word' id='word_1_128' title='bbox 798 1486 1039 1555; x_wconf 91' lang='lat' dir='ltr'><strong>inopiam</strong></span> <span class='ocrx_word' id='word_1_129' title='bbox 1065 1486 1141 1537; x_wconf 90' lang='lat' dir='ltr'><strong>rei</strong></span> <span class='ocrx_word' id='word_1_130' title='bbox 1166 1486 1460 1549; x_wconf 85' lang='lat' dir='ltr'><strong>familiariS‚</strong></span> <span class='ocrx_word' id='word_1_131' title='bbox 1486 1492 1540 1538; x_wconf 91' lang='lat' dir='ltr'><strong>et</strong></span> <span class='ocrx_word' id='word_1_132' title='bbox 1574 1484 1961 1537; x_wconf 86' lang='lat' dir='ltr'><strong>conscientiam</strong></span> 
     </span>
     <span class='ocr_line' id='line_1_16' title="bbox 101 1568 1961 1639; baseline -0.002 -18"><span class='ocrx_word' id='word_1_133' title='bbox 101 1571 375 1622; x_wconf 88' lang='lat' dir='ltr'><strong>scelerum.</strong></span> <span class='ocrx_word' id='word_1_134' title='bbox 453 1572 571 1623; x_wconf 92' lang='lat' dir='ltr'><strong>Nec</strong></span> <span class='ocrx_word' id='word_1_135' title='bbox 607 1571 726 1639; x_wconf 88' lang='lat' dir='ltr'><strong>ipse</strong></span> <span class='ocrx_word' id='word_1_136' title='bbox 755 1571 919 1638; x_wconf 83' lang='lat' dir='ltr'><strong>igitur</strong></span> <span class='ocrx_word' id='word_1_137' title='bbox 945 1571 1181 1623; x_wconf 86' lang='lat' dir='ltr'><strong>Catilina</strong></span> <span class='ocrx_word' id='word_1_138' title='bbox 1207 1570 1405 1623; x_wconf 89' lang='lat' dir='ltr'><strong>amavit</strong></span> <span class='ocrx_word' id='word_1_139' title='bbox 1430 1570 1668 1623; x_wconf 88' lang='lat' dir='ltr'><strong>facinora</strong></span> <span class='ocrx_word' id='word_1_140' title='bbox 1695 1588 1824 1632; x_wconf 83' lang='lat' dir='ltr'><strong>sua3</strong></span> <span class='ocrx_word' id='word_1_141' title='bbox 1866 1568 1961 1620; x_wconf 83' lang='lat' dir='ltr'><strong>sed</strong></span> 
     </span>
     <span class='ocr_line' id='line_1_17' title="bbox 100 1655 1225 1726; baseline 0.001 -20"><span class='ocrx_word' id='word_1_142' title='bbox 100 1655 287 1724; x_wconf 91' lang='lat' dir='ltr'><strong>utique</strong></span> <span class='ocrx_word' id='word_1_143' title='bbox 315 1655 462 1707; x_wconf 80' lang='lat' dir='ltr'><strong>aliud</strong></span> <span class='ocrx_word' id='word_1_144' title='bbox 488 1656 643 1726; x_wconf 91' lang='lat' dir='ltr'><strong>cujus</strong></span> <span class='ocrx_word' id='word_1_145' title='bbox 670 1674 835 1708; x_wconf 88' lang='lat' dir='ltr'><strong>causa</strong></span> <span class='ocrx_word' id='word_1_146' title='bbox 859 1656 954 1707; x_wconf 92' lang='lat' dir='ltr'><strong>illa</strong></span> <span class='ocrx_word' id='word_1_147' title='bbox 978 1655 1225 1708; x_wconf 85' lang='lat' dir='ltr'><strong>faciebat.</strong></span> 
     </span>
    </p>

    <p class='ocr_par' dir='ltr' id='par_1_3' title="bbox 91 1739 2165 3326">
     <span class='ocr_line' id='line_1_18' title="bbox 178 1739 2108 1808; baseline -0.001 -18"><span class='ocrx_word' id='word_1_148' title='bbox 178 1743 256 1791; x_wconf 77' lang='lat'><strong>12.</strong></span> <span class='ocrx_word' id='word_1_149' title='bbox 298 1740 443 1800; x_wconf 83' lang='lat' dir='ltr'><strong>Quid</strong></span> <span class='ocrx_word' id='word_1_150' title='bbox 481 1739 615 1808; x_wconf 72' lang='lat' dir='ltr'><strong>ego*</strong></span> <span class='ocrx_word' id='word_1_151' title='bbox 645 1740 805 1792; x_wconf 88' lang='lat' dir='ltr'><strong>miser</strong></span> <span class='ocrx_word' id='word_1_152' title='bbox 827 1740 885 1791; x_wconf 90' lang='lat' dir='ltr'><strong>in</strong></span> <span class='ocrx_word' id='word_1_153' title='bbox 910 1747 962 1792; x_wconf 93' lang='lat' dir='ltr'><strong>te</strong></span> <span class='ocrx_word' id='word_1_154' title='bbox 990 1741 1180 1804; x_wconf 81' lang='lat' dir='ltr'><strong>amavi,</strong></span> <span class='ocrx_word' id='word_1_155' title='bbox 1206 1759 1238 1792; x_wconf 95' lang='lat' dir='ltr'><strong>o</strong></span> <span class='ocrx_word' id='word_1_156' title='bbox 1263 1741 1463 1792; x_wconf 86' lang='lat' dir='ltr'><strong>furtum</strong></span> <span class='ocrx_word' id='word_1_157' title='bbox 1487 1759 1684 1804; x_wconf 86' lang='lat' dir='ltr'><strong>meum,</strong></span> <span class='ocrx_word' id='word_1_158' title='bbox 1706 1759 1737 1791; x_wconf 95' lang='lat' dir='ltr'><strong>o</strong></span> <span class='ocrx_word' id='word_1_159' title='bbox 1753 1739 1962 1792; x_wconf 85' lang='lat' dir='ltr'><strong>facinus</strong></span> <span class='ocrx_word' id='word_1_160' title='bbox 2034 1746 2108 1805; x_wconf 60' lang='lat' dir='ltr'><strong>Vl.</strong></span> 
     </span>
     <span class='ocr_line' id='line_1_19' title="bbox 100 1801 2122 1906; baseline 0 -30"><span class='ocrx_word' id='word_1_161' title='bbox 100 1826 233 1877; x_wconf 89' lang='lat' dir='ltr'><strong>illud</strong></span> <span class='ocrx_word' id='word_1_162' title='bbox 269 1846 446 1878; x_wconf 91' lang='lat' dir='ltr'><strong>meum</strong></span> <span class='ocrx_word' id='word_1_163' title='bbox 483 1835 804 1880; x_wconf 90' lang='lat' dir='ltr'><strong>nocturnum</strong></span> <span class='ocrx_word' id='word_1_164' title='bbox 843 1828 985 1880; x_wconf 84' lang='lat' dir='ltr'><strong>sexti</strong></span> <span class='ocrx_word' id='word_1_165' title='bbox 1016 1827 1211 1880; x_wconf 88' lang='lat' dir='ltr'><strong>decimi</strong></span> <span class='ocrx_word' id='word_1_166' title='bbox 1238 1829 1364 1880; x_wconf 89' lang='lat' dir='ltr'><strong>anni</strong></span> <span class='ocrx_word' id='word_1_167' title='bbox 1393 1829 1565 1880; x_wconf 84' lang='lat' dir='ltr'><strong>aetatis</strong></span> <span class='ocrx_word' id='word_1_168' title='bbox 1591 1846 1723 1879; x_wconf 87' lang='lat' dir='ltr'><strong>meae</strong></span> <span class='ocrx_word' id='word_1_169' title='bbox 1748 1827 1764 1878; x_wconf 90' lang='lat'>?</span> <span class='ocrx_word' id='word_1_170' title='bbox 1833 1829 1961 1878; x_wconf 89' lang='lat' dir='ltr'><strong>Non</strong></span> <span class='ocrx_word' id='word_1_171' title='bbox 1977 1801 2122 1906; x_wconf 44' lang='lat' dir='ltr'><strong>qolssma</strong></span> 
     </span>
     <span class='ocr_line' id='line_1_20' title="bbox 101 1908 2080 1980; baseline 0 -19"><span class='ocrx_word' id='word_1_172' title='bbox 101 1911 243 1962; x_wconf 88' lang='lat' dir='ltr'><strong>enim</strong></span> <span class='ocrx_word' id='word_1_173' title='bbox 281 1913 566 1979; x_wconf 89' lang='lat' dir='ltr'><strong>pulchrum</strong></span> <span class='ocrx_word' id='word_1_174' title='bbox 605 1931 737 1976; x_wconf 82' lang='lat' dir='ltr'><strong>eraS‚</strong></span> <span class='ocrx_word' id='word_1_175' title='bbox 765 1931 888 1965; x_wconf 93' lang='lat' dir='ltr'><strong>cum</strong></span> <span class='ocrx_word' id='word_1_176' title='bbox 914 1913 1111 1964; x_wconf 87' lang='lat' dir='ltr'><strong>furtum</strong></span> <span class='ocrx_word' id='word_1_177' title='bbox 1151 1931 1331 1975; x_wconf 84' lang='lat' dir='ltr'><strong>esses3</strong></span> <span class='ocrx_word' id='word_1_178' title='bbox 1373 1919 1465 1964; x_wconf 88' lang='lat' dir='ltr'><strong>aut</strong></span> <span class='ocrx_word' id='word_1_179' title='bbox 1494 1930 1617 1964; x_wconf 82' lang='lat' dir='ltr'><strong>vero</strong></span> <span class='ocrx_word' id='word_1_180' title='bbox 1652 1911 1861 1980; x_wconf 84' lang='lat' dir='ltr'><strong>aliquid</strong></span> <span class='ocrx_word' id='word_1_181' title='bbox 1886 1908 2080 1975; x_wconf 38' lang='lat' dir='ltr'><strong>esjboni·</strong></span> 
     </span>
     <span class='ocr_line' id='line_1_21' title="bbox 101 1976 2143 2067; baseline 0 -21"><span class='ocrx_word' id='word_1_182' title='bbox 101 2003 160 2047; x_wconf 89' lang='lat' dir='ltr'><strong>ut</strong></span> <span class='ocrx_word' id='word_1_183' title='bbox 183 1997 373 2066; x_wconf 90' lang='lat' dir='ltr'><strong>loquar</strong></span> <span class='ocrx_word' id='word_1_184' title='bbox 400 1997 468 2049; x_wconf 89' lang='lat' dir='ltr'><strong>ad</strong></span> <span class='ocrx_word' id='word_1_185' title='bbox 494 1997 583 2050; x_wconf 87' lang='lat' dir='ltr'><strong>te?</strong></span> <span class='ocrx_word' id='word_1_186' title='bbox 649 1999 883 2050; x_wconf 91' lang='lat' dir='ltr'><strong>Pulchra</strong></span> <span class='ocrx_word' id='word_1_187' title='bbox 920 2005 1069 2050; x_wconf 88' lang='lat' dir='ltr'><strong>erant</strong></span> <span class='ocrx_word' id='word_1_188' title='bbox 1106 2016 1268 2066; x_wconf 87' lang='lat' dir='ltr'><strong>poma</strong></span> <span class='ocrx_word' id='word_1_189' title='bbox 1300 1998 1393 2050; x_wconf 90' lang='lat' dir='ltr'><strong>illa</strong></span> <span class='ocrx_word' id='word_1_190' title='bbox 1421 2017 1541 2067; x_wconf 82' lang='lat' dir='ltr'><strong>quae</strong></span> <span class='ocrx_word' id='word_1_191' title='bbox 1574 1997 1731 2049; x_wconf 88' lang='lat' dir='ltr'><strong>furati</strong></span> <span class='ocrx_word' id='word_1_192' title='bbox 1759 2015 1960 2060; x_wconf 86' lang='lat' dir='ltr'><strong>sumus,</strong></span> <span class='ocrx_word' id='word_1_193' title='bbox 1978 1976 2143 2056; x_wconf 51' lang='grc' dir='ltr'><strong>Ξῗὶθῖἶῗῑᾶ</strong></span> 
     </span>
     <span class='ocr_line' id='line_1_22' title="bbox 101 2071 2163 2166; baseline 0.001 -35"><span class='ocrx_word' id='word_1_194' title='bbox 101 2082 355 2150; x_wconf 91' lang='lat' dir='ltr'><strong>quoniam</strong></span> <span class='ocrx_word' id='word_1_195' title='bbox 406 2090 646 2135; x_wconf 89' lang='lat' dir='ltr'><strong>creatura</strong></span> <span class='ocrx_word' id='word_1_196' title='bbox 697 2089 788 2135; x_wconf 87' lang='lat' dir='ltr'><strong>tua</strong></span> <span class='ocrx_word' id='word_1_197' title='bbox 837 2081 1001 2146; x_wconf 63' lang='lat' dir='ltr'><strong>erat&#39;,</strong></span> <span class='ocrx_word' id='word_1_198' title='bbox 1045 2083 1402 2152; x_wconf 84' lang='lat' dir='ltr'><strong>pulcherrime</strong></span> <span class='ocrx_word' id='word_1_199' title='bbox 1454 2083 1713 2145; x_wconf 87' lang='lat' dir='ltr'><strong>omnium,</strong></span> <span class='ocrx_word' id='word_1_200' title='bbox 1758 2089 1963 2134; x_wconf 89' lang='lat' dir='ltr'><strong>creator</strong></span> <span class='ocrx_word' id='word_1_201' title='bbox 1977 2071 2163 2166; x_wconf 54' lang='grc' dir='ltr'><strong>ζὲνξὲῗέῑ</strong></span> 
     </span>
     <span class='ocr_line' id='line_1_23' title="bbox 99 2168 2070 2235; baseline 0.001 -17"><span class='ocrx_word' id='word_1_202' title='bbox 99 2168 354 2234; x_wconf 89' lang='lat' dir='ltr'><strong>omnium,</strong></span> <span class='ocrx_word' id='word_1_203' title='bbox 380 2169 534 2222; x_wconf 87' lang='lat' dir='ltr'><strong>Deus</strong></span> <span class='ocrx_word' id='word_1_204' title='bbox 558 2171 716 2235; x_wconf 89' lang='lat' dir='ltr'><strong>bone,</strong></span> <span class='ocrx_word' id='word_1_205' title='bbox 743 2171 894 2222; x_wconf 91' lang='lat' dir='ltr'><strong>Deus</strong></span> <span class='ocrx_word' id='word_1_206' title='bbox 922 2189 1187 2222; x_wconf 90' lang='lat' dir='ltr'><strong>summum</strong></span> <span class='ocrx_word' id='word_1_207' title='bbox 1222 2172 1443 2234; x_wconf 83' lang='lat' dir='ltr'><strong>bonum,</strong></span> <span class='ocrx_word' id='word_1_208' title='bbox 1472 2176 1526 2222; x_wconf 94' lang='lat' dir='ltr'><strong>et</strong></span> <span class='ocrx_word' id='word_1_209' title='bbox 1549 2171 1753 2221; x_wconf 88' lang='lat' dir='ltr'><strong>bonum</strong></span> <span class='ocrx_word' id='word_1_210' title='bbox 1779 2187 1960 2219; x_wconf 85' lang='lat' dir='ltr'><strong>verum</strong></span> <span class='ocrx_word' id='word_1_211' title='bbox 1978 2181 2070 2220; x_wconf 86' lang='lat' dir='ltr'><strong>Deo</strong></span> 
     </span>
     <span class='ocr_line' id='line_1_24' title="bbox 99 2247 2128 2328; baseline 0 -25"><span class='ocrx_word' id='word_1_212' title='bbox 99 2270 308 2304; x_wconf 91' lang='lat' dir='ltr'><strong>meum:</strong></span> <span class='ocrx_word' id='word_1_213' title='bbox 371 2255 598 2322; x_wconf 86' lang='lat' dir='ltr'><strong>pulchra</strong></span> <span class='ocrx_word' id='word_1_214' title='bbox 635 2262 787 2307; x_wconf 89' lang='lat' dir='ltr'><strong>erant</strong></span> <span class='ocrx_word' id='word_1_215' title='bbox 822 2255 916 2306; x_wconf 89' lang='lat' dir='ltr'><strong>illa</strong></span> <span class='ocrx_word' id='word_1_216' title='bbox 953 2273 1117 2324; x_wconf 89' lang='lat' dir='ltr'><strong>poma</strong></span> <span class='ocrx_word' id='word_1_217' title='bbox 1137 2275 1150 2319; x_wconf 85' lang='lat'><em>3</em></span> <span class='ocrx_word' id='word_1_218' title='bbox 1209 2255 1304 2307; x_wconf 89' lang='lat' dir='ltr'><strong>sed</strong></span> <span class='ocrx_word' id='word_1_219' title='bbox 1341 2273 1451 2306; x_wconf 92' lang='lat' dir='ltr'><strong>non</strong></span> <span class='ocrx_word' id='word_1_220' title='bbox 1488 2255 1610 2325; x_wconf 88' lang='lat' dir='ltr'><strong>ipsa</strong></span> <span class='ocrx_word' id='word_1_221' title='bbox 1649 2247 2069 2328; x_wconf 54' lang='lat' dir='ltr'><strong>concupivitffi}</strong></span> <span class='ocrx_word' id='word_1_222' title='bbox 2088 2296 2128 2328; x_wconf 84' lang='lat' dir='ltr'><strong>et</strong></span> 
     </span>
     <span class='ocr_line' id='line_1_25' title="bbox 100 2339 2165 2408; baseline 0 -18"><span class='ocrx_word' id='word_1_223' title='bbox 100 2339 278 2390; x_wconf 89' lang='lat' dir='ltr'><strong>anima</strong></span> <span class='ocrx_word' id='word_1_224' title='bbox 324 2357 444 2391; x_wconf 92' lang='lat' dir='ltr'><strong>mea</strong></span> <span class='ocrx_word' id='word_1_225' title='bbox 491 2340 826 2392; x_wconf 88' lang='lat' dir='ltr'><strong>miserabilis.</strong></span> <span class='ocrx_word' id='word_1_226' title='bbox 903 2341 1037 2392; x_wconf 87' lang='lat' dir='ltr'><strong>Erat</strong></span> <span class='ocrx_word' id='word_1_227' title='bbox 1088 2340 1230 2392; x_wconf 88' lang='lat' dir='ltr'><strong>enim</strong></span> <span class='ocrx_word' id='word_1_228' title='bbox 1274 2341 1407 2391; x_wconf 90' lang='lat' dir='ltr'><strong>mihi</strong></span> <span class='ocrx_word' id='word_1_229' title='bbox 1446 2340 1725 2392; x_wconf 90' lang='lat' dir='ltr'><strong>meliorum</strong></span> <span class='ocrx_word' id='word_1_230' title='bbox 1766 2339 1926 2408; x_wconf 90' lang='lat' dir='ltr'><strong>copia</strong></span> <span class='ocrx_word' id='word_1_231' title='bbox 1945 2358 1958 2402; x_wconf 92' lang='lat'>;</span> <span class='ocrx_word' id='word_1_232' title='bbox 1977 2344 2165 2397; x_wconf 80' lang='lat' dir='ltr'><strong>perfecta.</strong></span> 
     </span>
     <span class='ocr_line' id='line_1_26' title="bbox 99 2424 1958 2493; baseline 0.001 -20"><span class='ocrx_word' id='word_1_233' title='bbox 99 2424 192 2474; x_wconf 88' lang='lat' dir='ltr'><strong>illa</strong></span> <span class='ocrx_word' id='word_1_234' title='bbox 228 2430 405 2474; x_wconf 91' lang='lat' dir='ltr'><strong>autem</strong></span> <span class='ocrx_word' id='word_1_235' title='bbox 443 2424 687 2493; x_wconf 91' lang='lat' dir='ltr'><strong>decerpsi</strong></span> <span class='ocrx_word' id='word_1_236' title='bbox 725 2432 932 2477; x_wconf 90' lang='lat' dir='ltr'><strong>tantum</strong></span> <span class='ocrx_word' id='word_1_237' title='bbox 970 2431 1031 2476; x_wconf 89' lang='lat' dir='ltr'><strong>ut</strong></span> <span class='ocrx_word' id='word_1_238' title='bbox 1066 2425 1279 2477; x_wconf 87' lang='lat' dir='ltr'><strong>furarer.</strong></span> <span class='ocrx_word' id='word_1_239' title='bbox 1363 2427 1507 2476; x_wconf 89' lang='lat' dir='ltr'><strong>Nam</strong></span> <span class='ocrx_word' id='word_1_240' title='bbox 1546 2424 1800 2493; x_wconf 87' lang='lat' dir='ltr'><strong>decerpta</strong></span> <span class='ocrx_word' id='word_1_241' title='bbox 1836 2442 1958 2491; x_wconf 88' lang='lat' dir='ltr'><strong>pro-</strong></span> 
     </span>
     <span class='ocr_line' id='line_1_27' title="bbox 91 2507 1955 2579; baseline 0.001 -21"><span class='ocrx_word' id='word_1_242' title='bbox 91 2507 219 2576; x_wconf 85' lang='lat' dir='ltr'><strong>jeci,</strong></span> <span class='ocrx_word' id='word_1_243' title='bbox 257 2510 502 2575; x_wconf 84' lang='lat' dir='ltr'><strong>epulatus</strong></span> <span class='ocrx_word' id='word_1_244' title='bbox 541 2510 667 2561; x_wconf 91' lang='lat' dir='ltr'><strong>inde</strong></span> <span class='ocrx_word' id='word_1_245' title='bbox 706 2511 875 2562; x_wconf 88' lang='lat' dir='ltr'><strong>solam</strong></span> <span class='ocrx_word' id='word_1_246' title='bbox 907 2510 1247 2579; x_wconf 89' lang='lat' dir='ltr'><strong>iniquitatem</strong></span> <span class='ocrx_word' id='word_1_247' title='bbox 1260 2508 1303 2574; x_wconf 69' lang='lat'><strong>‘‚</strong></span> <span class='ocrx_word' id='word_1_248' title='bbox 1332 2528 1438 2579; x_wconf 89' lang='lat' dir='ltr'><strong>qua</strong></span> <span class='ocrx_word' id='word_1_249' title='bbox 1467 2511 1689 2561; x_wconf 84' lang='lat' dir='ltr'><strong>laetabar</strong></span> <span class='ocrx_word' id='word_1_250' title='bbox 1724 2507 1955 2560; x_wconf 73' lang='lat' dir='ltr'><strong>fruens*.</strong></span> 
     </span>
     <span class='ocr_line' id='line_1_28' title="bbox 102 2593 1957 2664; baseline 0 -21"><span class='ocrx_word' id='word_1_251' title='bbox 102 2593 244 2644; x_wconf 90' lang='lat' dir='ltr'><strong>Nam</strong></span> <span class='ocrx_word' id='word_1_252' title='bbox 270 2599 324 2644; x_wconf 92' lang='lat' dir='ltr'><strong>et</strong></span> <span class='ocrx_word' id='word_1_253' title='bbox 348 2593 392 2644; x_wconf 92' lang='lat' dir='ltr'><strong>si</strong></span> <span class='ocrx_word' id='word_1_254' title='bbox 419 2594 551 2662; x_wconf 90' lang='lat' dir='ltr'><strong>quid</strong></span> <span class='ocrx_word' id='word_1_255' title='bbox 586 2595 798 2646; x_wconf 89' lang='lat' dir='ltr'><strong>illorum</strong></span> <span class='ocrx_word' id='word_1_256' title='bbox 831 2613 1111 2664; x_wconf 90' lang='lat' dir='ltr'><strong>pomorum</strong></span> <span class='ocrx_word' id='word_1_257' title='bbox 1136 2595 1354 2647; x_wconf 86' lang='lat' dir='ltr'><strong>intravit</strong></span> <span class='ocrx_word' id='word_1_258' title='bbox 1378 2595 1435 2646; x_wconf 91' lang='lat' dir='ltr'><strong>in</strong></span> <span class='ocrx_word' id='word_1_259' title='bbox 1463 2612 1522 2646; x_wconf 92' lang='lat' dir='ltr'><strong>os</strong></span> <span class='ocrx_word' id='word_1_260' title='bbox 1547 2612 1743 2656; x_wconf 90' lang='lat' dir='ltr'><strong>meum,</strong></span> <span class='ocrx_word' id='word_1_261' title='bbox 1772 2593 1957 2645; x_wconf 91' lang='lat' dir='ltr'><strong>condi-</strong></span> 
     </span>
     <span class='ocr_line' id='line_1_29' title="bbox 99 2675 1957 2743; baseline 0.001 -16"><span class='ocrx_word' id='word_1_262' title='bbox 99 2684 335 2728; x_wconf 88' lang='lat' dir='ltr'><strong>mentum</strong></span> <span class='ocrx_word' id='word_1_263' title='bbox 383 2675 497 2729; x_wconf 84' lang='lat' dir='ltr'><strong>ibi·</strong></span> <span class='ocrx_word' id='word_1_264' title='bbox 534 2678 742 2731; x_wconf 87' lang='lat' dir='ltr'><strong>facinus</strong></span> <span class='ocrx_word' id='word_1_265' title='bbox 786 2688 911 2732; x_wconf 88' lang='lat' dir='ltr'><strong>erat.</strong></span> <span class='ocrx_word' id='word_1_266' title='bbox 997 2681 1073 2731; x_wconf 88' lang='lat' dir='ltr'><strong>Et</strong></span> <span class='ocrx_word' id='word_1_267' title='bbox 1117 2698 1280 2743; x_wconf 90' lang='lat' dir='ltr'><strong>nunc,</strong></span> <span class='ocrx_word' id='word_1_268' title='bbox 1323 2679 1557 2731; x_wconf 90' lang='lat' dir='ltr'><strong>Domine</strong></span> <span class='ocrx_word' id='word_1_269' title='bbox 1596 2679 1749 2730; x_wconf 86' lang='lat' dir='ltr'><strong>Deus</strong></span> <span class='ocrx_word' id='word_1_270' title='bbox 1788 2697 1957 2743; x_wconf 86' lang='lat' dir='ltr'><strong>meus,</strong></span> 
     </span>
     <span class='ocr_line' id='line_1_30' title="bbox 102 2762 1954 2834; baseline 0 -20"><span class='ocrx_word' id='word_1_271' title='bbox 102 2781 281 2832; x_wconf 87' lang='lat' dir='ltr'><strong>quaero</strong></span> <span class='ocrx_word' id='word_1_272' title='bbox 307 2762 439 2832; x_wconf 93' lang='lat' dir='ltr'><strong>quid</strong></span> <span class='ocrx_word' id='word_1_273' title='bbox 463 2783 548 2816; x_wconf 93' lang='lat' dir='ltr'><strong>me</strong></span> <span class='ocrx_word' id='word_1_274' title='bbox 571 2764 630 2816; x_wconf 91' lang='lat' dir='ltr'><strong>in</strong></span> <span class='ocrx_word' id='word_1_275' title='bbox 654 2764 794 2817; x_wconf 88' lang='lat' dir='ltr'><strong>furto</strong></span> <span class='ocrx_word' id='word_1_276' title='bbox 822 2764 1180 2828; x_wconf 85' lang='lat' dir='ltr'><strong>delectaverit,</strong></span> <span class='ocrx_word' id='word_1_277' title='bbox 1208 2771 1261 2816; x_wconf 91' lang='lat' dir='ltr'><strong>et</strong></span> <span class='ocrx_word' id='word_1_278' title='bbox 1286 2782 1411 2816; x_wconf 91' lang='lat' dir='ltr'><strong>ecce</strong></span> <span class='ocrx_word' id='word_1_279' title='bbox 1439 2764 1648 2834; x_wconf 90' lang='lat' dir='ltr'><strong>species</strong></span> <span class='ocrx_word' id='word_1_280' title='bbox 1674 2764 1823 2815; x_wconf 87' lang='lat' dir='ltr'><strong>nulla</strong></span> <span class='ocrx_word' id='word_1_281' title='bbox 1849 2771 1954 2815; x_wconf 90' lang='lat' dir='ltr'><strong>est:</strong></span> 
     </span>
     <span class='ocr_line' id='line_1_31' title="bbox 97 2847 1958 2919; baseline 0.001 -21"><span class='ocrx_word' id='word_1_282' title='bbox 97 2865 207 2899; x_wconf 92' lang='lat' dir='ltr'><strong>non</strong></span> <span class='ocrx_word' id='word_1_283' title='bbox 238 2847 359 2899; x_wconf 92' lang='lat' dir='ltr'><strong>dico</strong></span> <span class='ocrx_word' id='word_1_284' title='bbox 394 2847 533 2900; x_wconf 89' lang='lat' dir='ltr'><strong>sicut</strong></span> <span class='ocrx_word' id='word_1_285' title='bbox 555 2849 612 2899; x_wconf 91' lang='lat' dir='ltr'><strong>in</strong></span> <span class='ocrx_word' id='word_1_286' title='bbox 648 2849 900 2919; x_wconf 86' lang='lat' dir='ltr'><strong>aequitate</strong></span> <span class='ocrx_word' id='word_1_287' title='bbox 934 2856 1095 2919; x_wconf 89' lang='lat' dir='ltr'><strong>atque</strong></span> <span class='ocrx_word' id='word_1_288' title='bbox 1133 2849 1453 2919; x_wconf 84' lang='lat' dir='ltr'><strong>prudentia3</strong></span> <span class='ocrx_word' id='word_1_289' title='bbox 1494 2849 1589 2901; x_wconf 89' lang='lat' dir='ltr'><strong>sed</strong></span> <span class='ocrx_word' id='word_1_290' title='bbox 1614 2867 1790 2918; x_wconf 87' lang='lat' dir='ltr'><strong>neque</strong></span> <span class='ocrx_word' id='word_1_291' title='bbox 1817 2849 1958 2900; x_wconf 90' lang='lat' dir='ltr'><strong>sicut</strong></span> 
     </span>
     <span class='ocr_line' id='line_1_32' title="bbox 98 2933 1955 3004; baseline 0 -20"><span class='ocrx_word' id='word_1_292' title='bbox 98 2933 155 2984; x_wconf 91' lang='lat' dir='ltr'><strong>in</strong></span> <span class='ocrx_word' id='word_1_293' title='bbox 191 2939 367 2985; x_wconf 88' lang='lat' dir='ltr'><strong>mente</strong></span> <span class='ocrx_word' id='word_1_294' title='bbox 407 2934 642 2986; x_wconf 91' lang='lat' dir='ltr'><strong>hominis</strong></span> <span class='ocrx_word' id='word_1_295' title='bbox 690 2941 850 3004; x_wconf 87' lang='lat' dir='ltr'><strong>atque</strong></span> <span class='ocrx_word' id='word_1_296' title='bbox 896 2934 1154 2987; x_wconf 88' lang='lat' dir='ltr'><strong>memoria</strong></span> <span class='ocrx_word' id='word_1_297' title='bbox 1191 2942 1244 2986; x_wconf 89' lang='lat' dir='ltr'><strong>et</strong></span> <span class='ocrx_word' id='word_1_298' title='bbox 1281 2935 1529 2986; x_wconf 90' lang='lat' dir='ltr'><strong>sensibus</strong></span> <span class='ocrx_word' id='word_1_299' title='bbox 1576 2945 1629 2985; x_wconf 88' lang='lat' dir='ltr'><strong>et</strong></span> <span class='ocrx_word' id='word_1_300' title='bbox 1675 2940 1955 3000; x_wconf 84' lang='lat' dir='ltr'><strong>vegetante</strong></span> 
     </span>
     <span class='ocr_line' id='line_1_33' title="bbox 99 3018 1957 3088; baseline 0 -19"><span class='ocrx_word' id='word_1_301' title='bbox 99 3018 238 3081; x_wconf 81' lang='lat' dir='ltr'><strong>vita3</strong></span> <span class='ocrx_word' id='word_1_302' title='bbox 276 3037 451 3087; x_wconf 91' lang='lat' dir='ltr'><strong>neque</strong></span> <span class='ocrx_word' id='word_1_303' title='bbox 484 3019 624 3071; x_wconf 88' lang='lat' dir='ltr'><strong>sicut</strong></span> <span class='ocrx_word' id='word_1_304' title='bbox 657 3020 903 3088; x_wconf 90' lang='lat' dir='ltr'><strong>speciosa</strong></span> <span class='ocrx_word' id='word_1_305' title='bbox 936 3027 1061 3071; x_wconf 88' lang='lat' dir='ltr'><strong>sunt</strong></span> <span class='ocrx_word' id='word_1_306' title='bbox 1097 3020 1272 3072; x_wconf 88' lang='lat' dir='ltr'><strong>sidera</strong></span> <span class='ocrx_word' id='word_1_307' title='bbox 1301 3028 1354 3071; x_wconf 94' lang='lat' dir='ltr'><strong>et</strong></span> <span class='ocrx_word' id='word_1_308' title='bbox 1386 3019 1580 3071; x_wconf 86' lang='lat' dir='ltr'><strong>decora</strong></span> <span class='ocrx_word' id='word_1_309' title='bbox 1603 3020 1739 3071; x_wconf 92' lang='lat' dir='ltr'><strong>locis</strong></span> <span class='ocrx_word' id='word_1_310' title='bbox 1767 3019 1878 3070; x_wconf 88' lang='lat' dir='ltr'><strong>suis</strong></span> <span class='ocrx_word' id='word_1_311' title='bbox 1903 3026 1957 3069; x_wconf 89' lang='lat' dir='ltr'><strong>et</strong></span> 
     </span>
     <span class='ocr_line' id='line_1_34' title="bbox 99 3102 1953 3173; baseline 0 -20"><span class='ocrx_word' id='word_1_312' title='bbox 99 3109 235 3155; x_wconf 86' lang='lat' dir='ltr'><strong>terra</strong></span> <span class='ocrx_word' id='word_1_313' title='bbox 271 3110 325 3154; x_wconf 92' lang='lat' dir='ltr'><strong>et</strong></span> <span class='ocrx_word' id='word_1_314' title='bbox 359 3122 502 3155; x_wconf 90' lang='lat' dir='ltr'><strong>mare</strong></span> <span class='ocrx_word' id='word_1_315' title='bbox 548 3105 710 3173; x_wconf 91' lang='lat' dir='ltr'><strong>plena</strong></span> <span class='ocrx_word' id='word_1_316' title='bbox 745 3104 961 3167; x_wconf 81' lang='lat' dir='ltr'><strong>setibUS‚</strong></span> <span class='ocrx_word' id='word_1_317' title='bbox 1002 3105 1094 3173; x_wconf 89' lang='lat' dir='ltr'><strong>qui</strong></span> <span class='ocrx_word' id='word_1_318' title='bbox 1145 3104 1440 3157; x_wconf 75' lang='lat' dir='ltr'><strong>succedimt</strong></span> <span class='ocrx_word' id='word_1_319' title='bbox 1486 3102 1760 3155; x_wconf 88' lang='lat' dir='ltr'><strong>nascendo</strong></span> <span class='ocrx_word' id='word_1_320' title='bbox 1799 3102 1953 3154; x_wconf 90' lang='lat' dir='ltr'><strong>dece-</strong></span> 
     </span>
     <span class='ocr_line' id='line_1_35' title="bbox 101 3186 1955 3258; baseline 0.001 -22"><span class='ocrx_word' id='word_1_321' title='bbox 101 3186 385 3251; x_wconf 90' lang='lat' dir='ltr'><strong>dentibus;</strong></span> <span class='ocrx_word' id='word_1_322' title='bbox 439 3206 549 3240; x_wconf 92' lang='lat' dir='ltr'><strong>non</strong></span> <span class='ocrx_word' id='word_1_323' title='bbox 589 3190 776 3241; x_wconf 86' lang='lat' dir='ltr'><strong>saltem</strong></span> <span class='ocrx_word' id='word_1_324' title='bbox 820 3196 880 3241; x_wconf 94' lang='lat' dir='ltr'><strong>ut</strong></span> <span class='ocrx_word' id='word_1_325' title='bbox 923 3197 1005 3240; x_wconf 87' lang='lat' dir='ltr'><strong>est</strong></span> <span class='ocrx_word' id='word_1_326' title='bbox 1049 3189 1296 3258; x_wconf 76' lang='lat' dir='ltr'><strong>quaedam</strong></span> <span class='ocrx_word' id='word_1_327' title='bbox 1340 3188 1605 3241; x_wconf 87' lang='lat' dir='ltr'><strong>defectiva</strong></span> <span class='ocrx_word' id='word_1_328' title='bbox 1649 3187 1858 3254; x_wconf 88' lang='lat' dir='ltr'><strong>species</strong></span> <span class='ocrx_word' id='word_1_329' title='bbox 1903 3194 1955 3238; x_wconf 85' lang='lat' dir='ltr'><strong>et</strong></span> 
     </span>
     <span class='ocr_line' id='line_1_36' title="bbox 100 3271 908 3326; baseline 0.006 -7"><span class='ocrx_word' id='word_1_330' title='bbox 100 3271 394 3324; x_wconf 86' lang='lat' dir='ltr'><strong>umbratica</strong></span> <span class='ocrx_word' id='word_1_331' title='bbox 415 3273 562 3325; x_wconf 78' lang='lat' dir='ltr'><strong>vitiis</strong></span> <span class='ocrx_word' id='word_1_332' title='bbox 585 3273 908 3326; x_wconf 77' lang='lat' dir='ltr'><strong>fauentibus.</strong></span> 
     </span>
    </p>

    <p class='ocr_par' dir='ltr' id='par_1_4' title="bbox 99 3354 1954 3595">
     <span class='ocr_line' id='line_1_37' title="bbox 179 3354 1954 3427; baseline 0.001 -22"><span class='ocrx_word' id='word_1_333' title='bbox 179 3358 258 3406; x_wconf 83' lang='lat'><strong>13.</strong></span> <span class='ocrx_word' id='word_1_334' title='bbox 299 3357 439 3408; x_wconf 86' lang='lat' dir='ltr'><strong>Nam</strong></span> <span class='ocrx_word' id='word_1_335' title='bbox 477 3366 530 3410; x_wconf 91' lang='lat' dir='ltr'><strong>et</strong></span> <span class='ocrx_word' id='word_1_336' title='bbox 567 3358 820 3427; x_wconf 88' lang='lat' dir='ltr'><strong>superbia</strong></span> <span class='ocrx_word' id='word_1_337' title='bbox 868 3359 1242 3411; x_wconf 88' lang='lat' dir='ltr'><strong>celsitudinem</strong></span> <span class='ocrx_word' id='word_1_338' title='bbox 1291 3359 1554 3419; x_wconf 84' lang='lat' dir='ltr'><strong>imitatur3</strong></span> <span class='ocrx_word' id='word_1_339' title='bbox 1621 3373 1742 3408; x_wconf 89' lang='lat' dir='ltr'><strong>cum</strong></span> <span class='ocrx_word' id='word_1_340' title='bbox 1783 3362 1841 3406; x_wconf 90' lang='lat' dir='ltr'><strong>tu</strong></span> <span class='ocrx_word' id='word_1_341' title='bbox 1879 3354 1954 3407; x_wconf 89' lang='lat' dir='ltr'><strong>sis</strong></span> 
     </span>
     <span class='ocr_line' id='line_1_38' title="bbox 99 3439 1950 3509; baseline -0.001 -18"><span class='ocrx_word' id='word_1_342' title='bbox 99 3457 239 3491; x_wconf 87' lang='lat' dir='ltr'><strong>unus</strong></span> <span class='ocrx_word' id='word_1_343' title='bbox 283 3458 441 3508; x_wconf 89' lang='lat' dir='ltr'><strong>super</strong></span> <span class='ocrx_word' id='word_1_344' title='bbox 482 3443 662 3495; x_wconf 84' lang='lat' dir='ltr'><strong>omnia</strong></span> <span class='ocrx_word' id='word_1_345' title='bbox 704 3444 855 3496; x_wconf 91' lang='lat' dir='ltr'><strong>Deus</strong></span> <span class='ocrx_word' id='word_1_346' title='bbox 896 3445 1161 3496; x_wconf 89' lang='lat' dir='ltr'><strong>excelsus.</strong></span> <span class='ocrx_word' id='word_1_347' title='bbox 1262 3444 1338 3494; x_wconf 92' lang='lat' dir='ltr'><strong>Et</strong></span> <span class='ocrx_word' id='word_1_348' title='bbox 1387 3441 1609 3494; x_wconf 88' lang='lat' dir='ltr'><strong>ambitio</strong></span> <span class='ocrx_word' id='word_1_349' title='bbox 1664 3439 1796 3509; x_wconf 91' lang='lat' dir='ltr'><strong>quid</strong></span> <span class='ocrx_word' id='word_1_350' title='bbox 1845 3439 1950 3490; x_wconf 90' lang='lat' dir='ltr'><strong>nisi</strong></span> 
     </span>
     <span class='ocr_line' id='line_1_39' title="bbox 101 3524 1950 3595; baseline -0.001 -19"><span class='ocrx_word' id='word_1_351' title='bbox 101 3524 330 3576; x_wconf 88' lang='lat' dir='ltr'><strong>honores</strong></span> <span class='ocrx_word' id='word_1_352' title='bbox 366 3526 555 3594; x_wconf 83' lang='lat' dir='ltr'><strong>quaerit</strong></span> <span class='ocrx_word' id='word_1_353' title='bbox 578 3534 632 3579; x_wconf 92' lang='lat' dir='ltr'><strong>et</strong></span> <span class='ocrx_word' id='word_1_354' title='bbox 657 3528 905 3595; x_wconf 81' lang='lat' dir='ltr'><strong>gloriam3</strong></span> <span class='ocrx_word' id='word_1_355' title='bbox 945 3546 1068 3580; x_wconf 90' lang='lat' dir='ltr'><strong>cum</strong></span> <span class='ocrx_word' id='word_1_356' title='bbox 1104 3535 1162 3579; x_wconf 92' lang='lat' dir='ltr'><strong>tu</strong></span> <span class='ocrx_word' id='word_1_357' title='bbox 1194 3527 1268 3579; x_wconf 87' lang='lat' dir='ltr'><strong>sis</strong></span> <span class='ocrx_word' id='word_1_358' title='bbox 1298 3544 1412 3595; x_wconf 66' lang='lat' dir='ltr'><strong>pra&gt;</strong></span> <span class='ocrx_word' id='word_1_359' title='bbox 1442 3525 1652 3578; x_wconf 87' lang='lat' dir='ltr'><strong>cunctis</strong></span> <span class='ocrx_word' id='word_1_360' title='bbox 1684 3524 1950 3575; x_wconf 89' lang='lat' dir='ltr'><strong>honoran-</strong></span> 
     </span>
    </p>
   </div>
   <div class='ocr_carea' id='block_1_3' title="bbox 102 3604 1953 3758">
    <p class='ocr_par' dir='ltr' id='par_1_5' title="bbox 102 3604 1953 3758">
     <span class='ocr_line' id='line_1_40' title="bbox 102 3604 1953 3678; baseline -0.001 -17"><span class='ocrx_word' id='word_1_361' title='bbox 102 3608 203 3662; x_wconf 89' lang='lat' dir='ltr'><strong>dus</strong></span> <span class='ocrx_word' id='word_1_362' title='bbox 240 3627 378 3662; x_wconf 90' lang='lat' dir='ltr'><strong>unus</strong></span> <span class='ocrx_word' id='word_1_363' title='bbox 416 3615 469 3661; x_wconf 90' lang='lat' dir='ltr'><strong>et</strong></span> <span class='ocrx_word' id='word_1_364' title='bbox 506 3611 767 3676; x_wconf 86' lang='lat' dir='ltr'><strong>gloriosus</strong></span> <span class='ocrx_word' id='word_1_365' title='bbox 803 3611 861 3664; x_wconf 90' lang='lat' dir='ltr'><strong>in</strong></span> <span class='ocrx_word' id='word_1_366' title='bbox 901 3611 1187 3664; x_wconf 86' lang='lat' dir='ltr'><strong>aetemum?</strong></span> <span class='ocrx_word' id='word_1_367' title='bbox 1265 3612 1339 3662; x_wconf 88' lang='lat' dir='ltr'><strong>Et</strong></span> <span class='ocrx_word' id='word_1_368' title='bbox 1375 3604 1583 3663; x_wconf 54' lang='lat' dir='ltr'><strong>&#39;‘saevitia</strong></span> <span class='ocrx_word' id='word_1_369' title='bbox 1628 3615 1953 3678; x_wconf 83' lang='lat' dir='ltr'><strong>potestatum</strong></span> 
     </span>
     <span class='ocr_line' id='line_1_41' title="bbox 698 3713 1346 3758; baseline -0.003 -2"><span class='ocrx_word' id='word_1_370' title='bbox 698 3714 719 3745; x_wconf 63' lang='grc' dir='ltr'>ἆ</span> <span class='ocrx_word' id='word_1_371' title='bbox 753 3715 914 3758; x_wconf 73' lang='lat' dir='ltr'><strong>Sallust.</strong></span> <span class='ocrx_word' id='word_1_372' title='bbox 932 3716 981 3758; x_wconf 77' lang='lat' dir='ltr'><strong>de</strong></span> <span class='ocrx_word' id='word_1_373' title='bbox 997 3714 1102 3758; x_wconf 76' lang='lat' dir='ltr'><strong>Bell.</strong></span> <span class='ocrx_word' id='word_1_374' title='bbox 1119 3713 1239 3756; x_wconf 82' lang='lat' dir='ltr'><strong>Catil.</strong></span> <span class='ocrx_word' id='word_1_375' title='bbox 1252 3727 1288 3756; x_wconf 91' lang='lat' dir='ltr'><strong>c.</strong></span> <span class='ocrx_word' id='word_1_376' title='bbox 1307 3715 1346 3754; x_wconf 90' lang='grc'><strong>9.</strong></span> 
     </span>
    </p>
   </div>
  </div>
 </body>
</html>
