<?xml version="1.0" encoding="UTF-8"?>
<!DOCTYPE html PUBLIC "-//W3C//DTD XHTML 1.0 Transitional//EN"
    "http://www.w3.org/TR/xhtml1/DTD/xhtml1-transitional.dtd">
<html xmlns="http://www.w3.org/1999/xhtml" xml:lang="en" lang="en">
 <head>
  <title>
</title>
<meta http-equiv="Content-Type" content="text/html;charset=utf-8" />
  <meta name='ocr-system' content='tesseract 3.04.00' />
  <meta name='ocr-capabilities' content='ocr_page ocr_carea ocr_par ocr_line ocrx_word'/>
</head>
<body>
  <div class='ocr_page' id='page_1' title='image "a545544600auguuoft_0129.png"; bbox 0 0 2378 4134; ppageno 0'>
   <div class='ocr_carea' id='block_1_1' title="bbox 509 214 1952 276">
    <p class='ocr_par' dir='ltr' id='par_1_1' title="bbox 509 214 1952 276">
     <span class='ocr_line' id='line_1_1' title="bbox 509 214 1952 276; baseline -0.009 0"><span class='ocrx_word' id='word_1_1' title='bbox 509 217 1114 276; x_wconf 86' lang='lat' dir='ltr'>CONFESSIONUM</span> <span class='ocrx_word' id='word_1_2' title='bbox 1150 214 1390 270; x_wconf 88' lang='lat' dir='ltr'><strong>LIBER</strong></span> <span class='ocrx_word' id='word_1_3' title='bbox 1426 214 1559 266; x_wconf 91' lang='lat' dir='ltr'>VII.</span> <span class='ocrx_word' id='word_1_4' title='bbox 1855 215 1952 264; x_wconf 90' lang='lat' dir='ltr'>lll</span> 
     </span>
    </p>
   </div>
   <div class='ocr_carea' id='block_1_2' title="bbox 39 343 2146 3230">
    <p class='ocr_par' dir='ltr' id='par_1_2' title="bbox 108 343 1958 588">
     <span class='ocr_line' id='line_1_2' title="bbox 118 343 1958 428; baseline -0.008 -19"><span class='ocrx_word' id='word_1_5' title='bbox 118 354 265 428; x_wconf 88' lang='lat' dir='ltr'>quod</span> <span class='ocrx_word' id='word_1_6' title='bbox 285 370 407 407; x_wconf 90' lang='lat' dir='ltr'>eum</span> <span class='ocrx_word' id='word_1_7' title='bbox 430 358 641 422; x_wconf 82' lang='lat' dir='ltr'>oportet</span> <span class='ocrx_word' id='word_1_8' title='bbox 663 350 847 404; x_wconf 82' lang='lat' dir='ltr'>audire</span> <span class='ocrx_word' id='word_1_9' title='bbox 872 349 1098 404; x_wconf 86' lang='lat' dir='ltr'>occultis</span> <span class='ocrx_word' id='word_1_10' title='bbox 1121 345 1324 399; x_wconf 86' lang='lat' dir='ltr'>meritis</span> <span class='ocrx_word' id='word_1_11' title='bbox 1341 343 1656 406; x_wconf 70' lang='lat' dir='ltr'>animarum,</span> <span class='ocrx_word' id='word_1_12' title='bbox 1671 361 1743 395; x_wconf 87' lang='lat' dir='ltr'>ex</span> <span class='ocrx_word' id='word_1_13' title='bbox 1761 344 1958 413; x_wconf 82' lang='lat' dir='ltr'>abysso</span> 
     </span>
     <span class='ocr_line' id='line_1_3' title="bbox 108 427 1958 512; baseline -0.007 -19"><span class='ocrx_word' id='word_1_14' title='bbox 108 441 243 512; x_wconf 86' lang='lat' dir='ltr'>justi</span> <span class='ocrx_word' id='word_1_15' title='bbox 257 438 450 509; x_wconf 87' lang='lat' dir='ltr'>judicii</span> <span class='ocrx_word' id='word_1_16' title='bbox 473 437 572 501; x_wconf 91' lang='lat' dir='ltr'>tui,</span> <span class='ocrx_word' id='word_1_17' title='bbox 599 436 687 490; x_wconf 87' lang='lat' dir='ltr'>cui</span> <span class='ocrx_word' id='word_1_18' title='bbox 710 454 821 488; x_wconf 90' lang='lat' dir='ltr'>non</span> <span class='ocrx_word' id='word_1_19' title='bbox 855 435 1000 489; x_wconf 88' lang='lat' dir='ltr'>dicat</span> <span class='ocrx_word' id='word_1_20' title='bbox 1021 435 1209 487; x_wconf 87' lang='lat' dir='ltr'>homo:</span> <span class='ocrx_word' id='word_1_21' title='bbox 1249 429 1398 491; x_wconf 88' lang='lat' dir='ltr'><strong>Quid</strong></span> <span class='ocrx_word' id='word_1_22' title='bbox 1423 435 1506 481; x_wconf 88' lang='lat' dir='ltr'>est</span> <span class='ocrx_word' id='word_1_23' title='bbox 1527 427 1665 481; x_wconf 89' lang='lat' dir='ltr'>hoc?</span> <span class='ocrx_word' id='word_1_24' title='bbox 1706 435 1800 481; x_wconf 87' lang='lat' dir='ltr'>aut</span> <span class='ocrx_word' id='word_1_25' title='bbox 1824 427 1958 499; x_wconf 88' lang='lat' dir='ltr'>quid</span> 
     </span>
     <span class='ocr_line' id='line_1_4' title="bbox 115 517 1458 588; baseline -0.01 -7"><span class='ocrx_word' id='word_1_26' title='bbox 115 525 251 580; x_wconf 89' lang='lat' dir='ltr'>hoc?</span> <span class='ocrx_word' id='word_1_27' title='bbox 327 526 452 576; x_wconf 92' lang='lat' dir='ltr'>Non</span> <span class='ocrx_word' id='word_1_28' title='bbox 477 522 640 588; x_wconf 86' lang='lat' dir='ltr'>dicat,</span> <span class='ocrx_word' id='word_1_29' title='bbox 662 541 772 574; x_wconf 92' lang='lat' dir='ltr'>non</span> <span class='ocrx_word' id='word_1_30' title='bbox 799 523 969 586; x_wconf 85' lang='lat' dir='ltr'>dicat3</span> <span class='ocrx_word' id='word_1_31' title='bbox 1006 521 1169 573; x_wconf 89' lang='lat' dir='ltr'>homo</span> <span class='ocrx_word' id='word_1_32' title='bbox 1195 525 1276 571; x_wconf 88' lang='lat' dir='ltr'>est</span> <span class='ocrx_word' id='word_1_33' title='bbox 1299 517 1458 570; x_wconf 90' lang='lat' dir='ltr'>enim.</span> 
     </span>
    </p>

    <p class='ocr_par' dir='ltr' id='par_1_3' title="bbox 112 604 2146 1273">
     <span class='ocr_line' id='line_1_5' title="bbox 191 604 2117 680; baseline -0.006 -16"><span class='ocrx_word' id='word_1_34' title='bbox 191 616 271 664; x_wconf 93' lang='lat' dir='ltr'>ll.</span> <span class='ocrx_word' id='word_1_35' title='bbox 308 613 344 665; x_wconf 88' lang='lat' dir='ltr'>J</span> <span class='ocrx_word' id='word_1_36' title='bbox 345 630 431 664; x_wconf 87' lang='lat' dir='ltr'>am</span> <span class='ocrx_word' id='word_1_37' title='bbox 454 611 636 680; x_wconf 84' lang='lat' dir='ltr'>itaque</span> <span class='ocrx_word' id='word_1_38' title='bbox 659 628 763 674; x_wconf 87' lang='lat' dir='ltr'>me,</span> <span class='ocrx_word' id='word_1_39' title='bbox 789 608 999 679; x_wconf 86' lang='lat' dir='ltr'>adjutor</span> <span class='ocrx_word' id='word_1_40' title='bbox 1022 625 1188 671; x_wconf 87' lang='lat' dir='ltr'>meus,</span> <span class='ocrx_word' id='word_1_41' title='bbox 1214 606 1324 658; x_wconf 88' lang='lat' dir='ltr'>illis</span> <span class='ocrx_word' id='word_1_42' title='bbox 1359 604 1590 656; x_wconf 88' lang='lat' dir='ltr'>vinculis</span> <span class='ocrx_word' id='word_1_43' title='bbox 1627 604 1878 666; x_wconf 80' lang='lat' dir='ltr'>solveraS‚</span> <span class='ocrx_word' id='word_1_44' title='bbox 1903 609 1958 655; x_wconf 90' lang='lat' dir='ltr'>et</span> <span class='ocrx_word' id='word_1_45' title='bbox 2013 614 2117 675; x_wconf 62' lang='lat' dir='ltr'>VII.</span> 
     </span>
     <span class='ocr_line' id='line_1_6' title="bbox 117 669 2130 775; baseline -0.005 -26"><span class='ocrx_word' id='word_1_46' title='bbox 117 698 416 768; x_wconf 86' lang='lat' dir='ltr'>quaerebam</span> <span class='ocrx_word' id='word_1_47' title='bbox 440 695 582 747; x_wconf 90' lang='lat' dir='ltr'>unde</span> <span class='ocrx_word' id='word_1_48' title='bbox 607 696 824 759; x_wconf 88' lang='lat' dir='ltr'>malum,</span> <span class='ocrx_word' id='word_1_49' title='bbox 850 701 904 746; x_wconf 92' lang='lat' dir='ltr'>et</span> <span class='ocrx_word' id='word_1_50' title='bbox 926 710 1037 746; x_wconf 92' lang='lat' dir='ltr'>non</span> <span class='ocrx_word' id='word_1_51' title='bbox 1062 698 1175 745; x_wconf 90' lang='lat' dir='ltr'>erat</span> <span class='ocrx_word' id='word_1_52' title='bbox 1199 691 1394 744; x_wconf 79' lang='lat' dir='ltr'>exitus,</span> <span class='ocrx_word' id='word_1_53' title='bbox 1471 688 1580 742; x_wconf 82' lang='lat' dir='ltr'>Sed</span> <span class='ocrx_word' id='word_1_54' title='bbox 1602 706 1711 740; x_wconf 91' lang='lat' dir='ltr'>non</span> <span class='ocrx_word' id='word_1_55' title='bbox 1743 688 1958 740; x_wconf 86' lang='lat' dir='ltr'><strong>sinebas</strong></span> <span class='ocrx_word' id='word_1_56' title='bbox 1972 669 2130 775; x_wconf 48' lang='lat' dir='ltr'>{⁸2:32³ss</span> 
     </span>
     <span class='ocr_line' id='line_1_7' title="bbox 115 773 2112 847; baseline -0.004 -14"><span class='ocrx_word' id='word_1_57' title='bbox 115 799 199 833; x_wconf 91' lang='lat' dir='ltr'>me</span> <span class='ocrx_word' id='word_1_58' title='bbox 220 781 344 833; x_wconf 84' lang='lat' dir='ltr'>ullis</span> <span class='ocrx_word' id='word_1_59' title='bbox 368 781 622 832; x_wconf 88' lang='lat' dir='ltr'>fluctibus</span> <span class='ocrx_word' id='word_1_60' title='bbox 648 779 990 847; x_wconf 84' lang='lat' dir='ltr'>cogitationis</span> <span class='ocrx_word' id='word_1_61' title='bbox 1016 778 1206 831; x_wconf 89' lang='lat' dir='ltr'>auferri</span> <span class='ocrx_word' id='word_1_62' title='bbox 1231 778 1299 829; x_wconf 88' lang='lat' dir='ltr'>ab</span> <span class='ocrx_word' id='word_1_63' title='bbox 1326 795 1390 829; x_wconf 87' lang='lat' dir='ltr'>ea</span> <span class='ocrx_word' id='word_1_64' title='bbox 1413 775 1520 828; x_wconf 90' lang='lat' dir='ltr'>fide</span> <span class='ocrx_word' id='word_1_65' title='bbox 1542 793 1651 845; x_wconf 89' lang='lat' dir='ltr'>qua</span> <span class='ocrx_word' id='word_1_66' title='bbox 1674 773 1959 827; x_wconf 91' lang='lat' dir='ltr'>credebam</span> <span class='ocrx_word' id='word_1_67' title='bbox 1971 783 2036 839; x_wconf 56' lang='lat' dir='ltr'>tu(</span> <span class='ocrx_word' id='word_1_68' title='bbox 2052 778 2112 816; x_wconf 85' lang='lat' dir='ltr'>in·</span> 
     </span>
     <span class='ocr_line' id='line_1_8' title="bbox 116 843 2146 928; baseline -0.004 -9"><span class='ocrx_word' id='word_1_69' title='bbox 116 872 170 919; x_wconf 93' lang='lat' dir='ltr'>et</span> <span class='ocrx_word' id='word_1_70' title='bbox 193 883 307 918; x_wconf 89' lang='lat' dir='ltr'>esse</span> <span class='ocrx_word' id='word_1_71' title='bbox 331 871 400 928; x_wconf 91' lang='lat' dir='ltr'>te,</span> <span class='ocrx_word' id='word_1_72' title='bbox 426 871 480 916; x_wconf 90' lang='lat' dir='ltr'>et</span> <span class='ocrx_word' id='word_1_73' title='bbox 504 882 619 917; x_wconf 89' lang='lat' dir='ltr'>esse</span> <span class='ocrx_word' id='word_1_74' title='bbox 657 865 1149 917; x_wconf 74' lang='lat' dir='ltr'>incommutabilem</span> <span class='ocrx_word' id='word_1_75' title='bbox 1181 861 1536 915; x_wconf 82' lang='lat' dir='ltr'>substantiam</span> <span class='ocrx_word' id='word_1_76' title='bbox 1569 867 1734 923; x_wconf 87' lang='lat' dir='ltr'>tuam,</span> <span class='ocrx_word' id='word_1_77' title='bbox 1759 866 1813 911; x_wconf 89' lang='lat' dir='ltr'>et</span> <span class='ocrx_word' id='word_1_78' title='bbox 1841 877 1957 911; x_wconf 88' lang='lat' dir='ltr'>esse</span> <span class='ocrx_word' id='word_1_79' title='bbox 1971 843 2146 925; x_wconf 53' lang='grc' dir='ltr'>Ξὲζῖἓῖῗ,</span> 
     </span>
     <span class='ocr_line' id='line_1_9' title="bbox 115 940 2134 1020; baseline -0.003 -17"><span class='ocrx_word' id='word_1_80' title='bbox 115 950 181 1003; x_wconf 91' lang='lat' dir='ltr'>de</span> <span class='ocrx_word' id='word_1_81' title='bbox 205 950 513 1002; x_wconf 91' lang='lat' dir='ltr'>hominibus</span> <span class='ocrx_word' id='word_1_82' title='bbox 538 967 718 1002; x_wconf 89' lang='lat' dir='ltr'>curam</span> <span class='ocrx_word' id='word_1_83' title='bbox 744 957 798 1002; x_wconf 90' lang='lat' dir='ltr'>et</span> <span class='ocrx_word' id='word_1_84' title='bbox 813 949 1079 1020; x_wconf 87' lang='lat' dir='ltr'>judicium</span> <span class='ocrx_word' id='word_1_85' title='bbox 1104 955 1273 1011; x_wconf 85' lang='lat' dir='ltr'>tuum,</span> <span class='ocrx_word' id='word_1_86' title='bbox 1294 954 1347 1000; x_wconf 92' lang='lat' dir='ltr'>et</span> <span class='ocrx_word' id='word_1_87' title='bbox 1369 947 1427 998; x_wconf 89' lang='lat' dir='ltr'>in</span> <span class='ocrx_word' id='word_1_88' title='bbox 1454 946 1672 999; x_wconf 89' lang='lat' dir='ltr'>Christo</span> <span class='ocrx_word' id='word_1_89' title='bbox 1698 945 1839 996; x_wconf 91' lang='lat' dir='ltr'>Filio</span> <span class='ocrx_word' id='word_1_90' title='bbox 1863 951 1957 997; x_wconf 90' lang='lat' dir='ltr'>tuo</span> <span class='ocrx_word' id='word_1_91' title='bbox 1970 940 2134 980; x_wconf 82' lang='lat' dir='ltr'>malum.</span> 
     </span>
     <span class='ocr_line' id='line_1_10' title="bbox 115 1031 1959 1103; baseline -0.003 -16"><span class='ocrx_word' id='word_1_92' title='bbox 115 1035 347 1087; x_wconf 91' lang='lat' dir='ltr'>Domino</span> <span class='ocrx_word' id='word_1_93' title='bbox 375 1041 572 1098; x_wconf 88' lang='lat' dir='ltr'>nostro,</span> <span class='ocrx_word' id='word_1_94' title='bbox 606 1031 804 1103; x_wconf 69' lang='lat' dir='ltr'>atque*</span> <span class='ocrx_word' id='word_1_95' title='bbox 832 1034 1122 1102; x_wconf 87' lang='lat' dir='ltr'>Scripturis</span> <span class='ocrx_word' id='word_1_96' title='bbox 1156 1033 1355 1085; x_wconf 85' lang='lat' dir='ltr'>sanctis</span> <span class='ocrx_word' id='word_1_97' title='bbox 1389 1049 1525 1101; x_wconf 90' lang='lat' dir='ltr'>quas</span> <span class='ocrx_word' id='word_1_98' title='bbox 1550 1031 1817 1084; x_wconf 85' lang='lat' dir='ltr'>Ecclesiae</span> <span class='ocrx_word' id='word_1_99' title='bbox 1852 1038 1959 1083; x_wconf 87' lang='lat' dir='ltr'>tuae</span> 
     </span>
     <span class='ocr_line' id='line_1_11' title="bbox 116 1117 1961 1186; baseline -0.003 -14"><span class='ocrx_word' id='word_1_100' title='bbox 116 1119 389 1172; x_wconf 71' lang='lat' dir='ltr'>catholicae</span> <span class='ocrx_word' id='word_1_101' title='bbox 430 1118 823 1172; x_wconf 85' lang='lat' dir='ltr'>commendaret</span> <span class='ocrx_word' id='word_1_102' title='bbox 865 1119 1169 1182; x_wconf 83' lang='lat' dir='ltr'>auctoritaS,</span> <span class='ocrx_word' id='word_1_103' title='bbox 1204 1118 1346 1170; x_wconf 86' lang='lat' dir='ltr'>viam</span> <span class='ocrx_word' id='word_1_104' title='bbox 1380 1120 1439 1169; x_wconf 71' lang='lat' dir='ltr'>&#39;te</span> <span class='ocrx_word' id='word_1_105' title='bbox 1482 1117 1730 1186; x_wconf 86' lang='lat' dir='ltr'>posuisse</span> <span class='ocrx_word' id='word_1_106' title='bbox 1772 1117 1961 1168; x_wconf 85' lang='lat' dir='ltr'>salutis</span> 
     </span>
     <span class='ocr_line' id='line_1_12' title="bbox 112 1202 1958 1273; baseline -0.002 -17"><span class='ocrx_word' id='word_1_107' title='bbox 112 1204 376 1268; x_wconf 85' lang='lat' dir='ltr'>humanae,</span> <span class='ocrx_word' id='word_1_108' title='bbox 410 1204 480 1256; x_wconf 88' lang='lat' dir='ltr'>ad</span> <span class='ocrx_word' id='word_1_109' title='bbox 520 1222 637 1256; x_wconf 87' lang='lat' dir='ltr'>earn</span> <span class='ocrx_word' id='word_1_110' title='bbox 679 1204 857 1269; x_wconf 88' lang='lat' dir='ltr'>vitam,</span> <span class='ocrx_word' id='word_1_111' title='bbox 893 1221 1013 1273; x_wconf 75' lang='lat' dir='ltr'>quae</span> <span class='ocrx_word' id='word_1_112' title='bbox 1049 1210 1174 1272; x_wconf 88' lang='lat' dir='ltr'>post</span> <span class='ocrx_word' id='word_1_113' title='bbox 1209 1204 1350 1254; x_wconf 90' lang='lat' dir='ltr'>hanc</span> <span class='ocrx_word' id='word_1_114' title='bbox 1389 1209 1613 1254; x_wconf 91' lang='lat' dir='ltr'>mortem</span> <span class='ocrx_word' id='word_1_115' title='bbox 1651 1202 1830 1254; x_wconf 85' lang='lat' dir='ltr'>futura</span> <span class='ocrx_word' id='word_1_116' title='bbox 1862 1208 1958 1254; x_wconf 89' lang='lat' dir='ltr'>est.</span> 
     </span>
    </p>

    <p class='ocr_par' dir='ltr' id='par_1_4' title="bbox 113 1286 1962 1609">
     <span class='ocr_line' id='line_1_13' title="bbox 115 1286 1961 1358; baseline -0.001 -18"><span class='ocrx_word' id='word_1_117' title='bbox 115 1289 222 1341; x_wconf 89' lang='lat' dir='ltr'>His</span> <span class='ocrx_word' id='word_1_118' title='bbox 254 1289 433 1358; x_wconf 87' lang='lat' dir='ltr'>itaque</span> <span class='ocrx_word' id='word_1_119' title='bbox 471 1289 648 1356; x_wconf 80' lang='lat' dir='ltr'>salviS,</span> <span class='ocrx_word' id='word_1_120' title='bbox 678 1297 838 1358; x_wconf 87' lang='lat' dir='ltr'>atque</span> <span class='ocrx_word' id='word_1_121' title='bbox 870 1289 1192 1340; x_wconf 87' lang='lat' dir='ltr'>inconcusse</span> <span class='ocrx_word' id='word_1_122' title='bbox 1225 1286 1486 1339; x_wconf 87' lang='lat' dir='ltr'>roboratis</span> <span class='ocrx_word' id='word_1_123' title='bbox 1517 1287 1574 1338; x_wconf 92' lang='lat' dir='ltr'>in</span> <span class='ocrx_word' id='word_1_124' title='bbox 1609 1287 1788 1338; x_wconf 89' lang='lat' dir='ltr'>animo</span> <span class='ocrx_word' id='word_1_125' title='bbox 1820 1305 1961 1350; x_wconf 84' lang='lat' dir='ltr'>mec,</span> 
     </span>
     <span class='ocr_line' id='line_1_14' title="bbox 114 1371 1962 1443; baseline -0.001 -18"><span class='ocrx_word' id='word_1_126' title='bbox 114 1376 413 1443; x_wconf 81' lang='lat' dir='ltr'>quaerebam</span> <span class='ocrx_word' id='word_1_127' title='bbox 465 1382 694 1426; x_wconf 77' lang='lat' dir='ltr'>aestuans</span> <span class='ocrx_word' id='word_1_128' title='bbox 743 1373 884 1426; x_wconf 90' lang='lat' dir='ltr'>unde</span> <span class='ocrx_word' id='word_1_129' title='bbox 936 1373 1006 1424; x_wconf 92' lang='lat' dir='ltr'>sit</span> <span class='ocrx_word' id='word_1_130' title='bbox 1053 1372 1268 1423; x_wconf 85' lang='lat' dir='ltr'>malurn.</span> <span class='ocrx_word' id='word_1_131' title='bbox 1370 1372 1505 1431; x_wconf 85' lang='lat' dir='ltr'>Quae</span> <span class='ocrx_word' id='word_1_132' title='bbox 1555 1371 1651 1422; x_wconf 87' lang='lat' dir='ltr'>illa</span> <span class='ocrx_word' id='word_1_133' title='bbox 1698 1378 1962 1423; x_wconf 88' lang='lat' dir='ltr'>tormenta</span> 
     </span>
     <span class='ocr_line' id='line_1_15' title="bbox 113 1453 1961 1527; baseline -0.002 -17"><span class='ocrx_word' id='word_1_134' title='bbox 113 1458 450 1527; x_wconf 85' lang='lat' dir='ltr'>parturientis</span> <span class='ocrx_word' id='word_1_135' title='bbox 477 1458 650 1510; x_wconf 88' lang='lat' dir='ltr'>cordis</span> <span class='ocrx_word' id='word_1_136' title='bbox 676 1455 806 1510; x_wconf 87' lang='lat' dir='ltr'>mei!</span> <span class='ocrx_word' id='word_1_137' title='bbox 850 1458 945 1526; x_wconf 93' lang='lat' dir='ltr'>qui</span> <span class='ocrx_word' id='word_1_138' title='bbox 972 1457 1219 1523; x_wconf 81' lang='lat' dir='ltr'>gemituS,</span> <span class='ocrx_word' id='word_1_139' title='bbox 1236 1457 1388 1508; x_wconf 89' lang='lat' dir='ltr'>Deus</span> <span class='ocrx_word' id='word_1_140' title='bbox 1407 1453 1583 1507; x_wconf 89' lang='lat' dir='ltr'>meus!</span> <span class='ocrx_word' id='word_1_141' title='bbox 1626 1457 1701 1507; x_wconf 92' lang='lat' dir='ltr'>Et</span> <span class='ocrx_word' id='word_1_142' title='bbox 1714 1456 1792 1506; x_wconf 95' lang='lat' dir='ltr'>ibi</span> <span class='ocrx_word' id='word_1_143' title='bbox 1810 1463 1961 1507; x_wconf 89' lang='lat' dir='ltr'>erant</span> 
     </span>
     <span class='ocr_line' id='line_1_16' title="bbox 113 1540 1958 1609; baseline -0.002 -14"><span class='ocrx_word' id='word_1_144' title='bbox 113 1561 264 1595; x_wconf 87' lang='lat' dir='ltr'>aures</span> <span class='ocrx_word' id='word_1_145' title='bbox 301 1551 424 1609; x_wconf 82' lang='lat' dir='ltr'>tuae,</span> <span class='ocrx_word' id='word_1_146' title='bbox 456 1543 726 1595; x_wconf 89' lang='lat' dir='ltr'>nesciente</span> <span class='ocrx_word' id='word_1_147' title='bbox 762 1560 862 1594; x_wconf 90' lang='lat' dir='ltr'>me.</span> <span class='ocrx_word' id='word_1_148' title='bbox 940 1544 1016 1594; x_wconf 91' lang='lat' dir='ltr'>Et</span> <span class='ocrx_word' id='word_1_149' title='bbox 1049 1559 1170 1594; x_wconf 89' lang='lat' dir='ltr'>cum</span> <span class='ocrx_word' id='word_1_150' title='bbox 1209 1541 1267 1591; x_wconf 90' lang='lat' dir='ltr'>in</span> <span class='ocrx_word' id='word_1_151' title='bbox 1311 1540 1523 1592; x_wconf 88' lang='lat' dir='ltr'>silentio</span> <span class='ocrx_word' id='word_1_152' title='bbox 1566 1540 1771 1592; x_wconf 88' lang='lat' dir='ltr'>fortiter</span> <span class='ocrx_word' id='word_1_153' title='bbox 1812 1559 1958 1609; x_wconf 87' lang='lat' dir='ltr'>quae-</span> 
     </span>
    </p>

    <p class='ocr_par' dir='ltr' id='par_1_5' title="bbox 39 1626 2137 2461">
     <span class='ocr_line' id='line_1_17' title="bbox 39 1626 1958 1696; baseline -0.001 -17"><span class='ocrx_word' id='word_1_154' title='bbox 39 1661 42 1664; x_wconf 87' lang='lat'><strong>·</strong></span> <span class='ocrx_word' id='word_1_155' title='bbox 110 1645 293 1691; x_wconf 90' lang='lat' dir='ltr'>rerem,</span> <span class='ocrx_word' id='word_1_156' title='bbox 337 1647 543 1696; x_wconf 86' lang='lat' dir='ltr'>magnae</span> <span class='ocrx_word' id='word_1_157' title='bbox 588 1646 746 1680; x_wconf 87' lang='lat' dir='ltr'>voces</span> <span class='ocrx_word' id='word_1_158' title='bbox 797 1634 947 1679; x_wconf 88' lang='lat' dir='ltr'>erant</span> <span class='ocrx_word' id='word_1_159' title='bbox 988 1627 1056 1679; x_wconf 92' lang='lat' dir='ltr'>ad</span> <span class='ocrx_word' id='word_1_160' title='bbox 1099 1626 1521 1678; x_wconf 80' lang='lat' dir='ltr'>misericordiam</span> <span class='ocrx_word' id='word_1_161' title='bbox 1571 1633 1736 1691; x_wconf 87' lang='lat' dir='ltr'>tuam,</span> <span class='ocrx_word' id='word_1_162' title='bbox 1779 1626 1958 1678; x_wconf 85' lang='lat' dir='ltr'>tacitae</span> 
     </span>
     <span class='ocr_line' id='line_1_18' title="bbox 113 1710 1959 1779; baseline -0.001 -16"><span class='ocrx_word' id='word_1_163' title='bbox 113 1712 452 1764; x_wconf 84' lang='lat' dir='ltr'>contritiones</span> <span class='ocrx_word' id='word_1_164' title='bbox 478 1713 641 1765; x_wconf 88' lang='lat' dir='ltr'>animi</span> <span class='ocrx_word' id='word_1_165' title='bbox 673 1713 795 1764; x_wconf 92' lang='lat' dir='ltr'>mei.</span> <span class='ocrx_word' id='word_1_166' title='bbox 871 1712 959 1764; x_wconf 91' lang='lat' dir='ltr'>Tu</span> <span class='ocrx_word' id='word_1_167' title='bbox 991 1712 1200 1764; x_wconf 88' lang='lat' dir='ltr'>sciebas</span> <span class='ocrx_word' id='word_1_168' title='bbox 1236 1710 1369 1779; x_wconf 87' lang='lat' dir='ltr'>quid</span> <span class='ocrx_word' id='word_1_169' title='bbox 1404 1712 1666 1779; x_wconf 87' lang='lat' dir='ltr'>patiebar,</span> <span class='ocrx_word' id='word_1_170' title='bbox 1692 1720 1746 1762; x_wconf 90' lang='lat' dir='ltr'>et</span> <span class='ocrx_word' id='word_1_171' title='bbox 1777 1712 1959 1762; x_wconf 89' lang='lat' dir='ltr'>nullus</span> 
     </span>
     <span class='ocr_line' id='line_1_19' title="bbox 110 1795 1960 1865; baseline 0.001 -19"><span class='ocrx_word' id='word_1_172' title='bbox 110 1797 401 1849; x_wconf 90' lang='lat' dir='ltr'>hominum.</span> <span class='ocrx_word' id='word_1_173' title='bbox 476 1799 748 1857; x_wconf 82' lang='lat' dir='ltr'>Quantum</span> <span class='ocrx_word' id='word_1_174' title='bbox 785 1798 929 1849; x_wconf 88' lang='lat' dir='ltr'>enim</span> <span class='ocrx_word' id='word_1_175' title='bbox 972 1803 1085 1848; x_wconf 90' lang='lat' dir='ltr'>erat</span> <span class='ocrx_word' id='word_1_176' title='bbox 1127 1795 1273 1865; x_wconf 91' lang='lat' dir='ltr'>quod</span> <span class='ocrx_word' id='word_1_177' title='bbox 1315 1795 1441 1847; x_wconf 90' lang='lat' dir='ltr'>inde</span> <span class='ocrx_word' id='word_1_178' title='bbox 1483 1796 1824 1863; x_wconf 78' lang='lat' dir='ltr'>digerebatur</span> <span class='ocrx_word' id='word_1_179' title='bbox 1864 1815 1960 1865; x_wconf 91' lang='lat' dir='ltr'>per</span> 
     </span>
     <span class='ocr_line' id='line_1_20' title="bbox 111 1879 1958 1948; baseline 0.001 -17"><span class='ocrx_word' id='word_1_180' title='bbox 111 1882 348 1948; x_wconf 84' lang='lat' dir='ltr'>linguam</span> <span class='ocrx_word' id='word_1_181' title='bbox 386 1901 556 1934; x_wconf 84' lang='lat' dir='ltr'>meam</span> <span class='ocrx_word' id='word_1_182' title='bbox 588 1883 643 1933; x_wconf 93' lang='lat' dir='ltr'>in</span> <span class='ocrx_word' id='word_1_183' title='bbox 682 1899 834 1933; x_wconf 88' lang='lat' dir='ltr'>aures</span> <span class='ocrx_word' id='word_1_184' title='bbox 870 1881 1400 1933; x_wconf 88' lang='lat' dir='ltr'>familiarissimorum</span> <span class='ocrx_word' id='word_1_185' title='bbox 1439 1879 1708 1932; x_wconf 87' lang='lat' dir='ltr'>meorum?</span> <span class='ocrx_word' id='word_1_186' title='bbox 1787 1883 1958 1933; x_wconf 91' lang='lat' dir='ltr'>Num·</span> 
     </span>
     <span class='ocr_line' id='line_1_21' title="bbox 113 1966 1959 2036; baseline 0 -18"><span class='ocrx_word' id='word_1_187' title='bbox 113 1966 245 2035; x_wconf 85' lang='lat' dir='ltr'>quid</span> <span class='ocrx_word' id='word_1_188' title='bbox 285 1973 429 2018; x_wconf 89' lang='lat' dir='ltr'>totus</span> <span class='ocrx_word' id='word_1_189' title='bbox 468 1968 726 2020; x_wconf 85' lang='lat' dir='ltr'>tumultus</span> <span class='ocrx_word' id='word_1_190' title='bbox 768 1967 958 2019; x_wconf 84' lang='lat' dir='ltr'>animae</span> <span class='ocrx_word' id='word_1_191' title='bbox 1002 1984 1153 2031; x_wconf 83' lang='lat' dir='ltr'>meae,</span> <span class='ocrx_word' id='word_1_192' title='bbox 1189 1967 1275 2018; x_wconf 91' lang='lat' dir='ltr'>cui</span> <span class='ocrx_word' id='word_1_193' title='bbox 1318 1984 1419 2018; x_wconf 87' lang='lat' dir='ltr'>nec</span> <span class='ocrx_word' id='word_1_194' title='bbox 1464 1973 1721 2036; x_wconf 84' lang='lat' dir='ltr'>tempora,</span> <span class='ocrx_word' id='word_1_195' title='bbox 1755 1985 1856 2019; x_wconf 90' lang='lat' dir='ltr'>nec</span> <span class='ocrx_word' id='word_1_196' title='bbox 1898 1986 1959 2018; x_wconf 84' lang='lat' dir='ltr'>os</span> 
     </span>
     <span class='ocr_line' id='line_1_22' title="bbox 111 2051 1958 2115; baseline 0.002 -14"><span class='ocrx_word' id='word_1_197' title='bbox 111 2069 286 2102; x_wconf 89' lang='lat' dir='ltr'>meum</span> <span class='ocrx_word' id='word_1_198' title='bbox 313 2052 627 2115; x_wconf 88' lang='lat' dir='ltr'>sufficiebat,</span> <span class='ocrx_word' id='word_1_199' title='bbox 655 2052 878 2103; x_wconf 87' lang='lat' dir='ltr'>sonabat</span> <span class='ocrx_word' id='word_1_200' title='bbox 902 2051 1010 2103; x_wconf 87' lang='lat' dir='ltr'>eis?</span> <span class='ocrx_word' id='word_1_201' title='bbox 1070 2052 1267 2102; x_wconf 88' lang='lat' dir='ltr'>Totum</span> <span class='ocrx_word' id='word_1_202' title='bbox 1292 2058 1471 2103; x_wconf 90' lang='lat' dir='ltr'>tamen</span> <span class='ocrx_word' id='word_1_203' title='bbox 1495 2052 1610 2104; x_wconf 87' lang='lat' dir='ltr'>ibat</span> <span class='ocrx_word' id='word_1_204' title='bbox 1633 2052 1690 2102; x_wconf 91' lang='lat' dir='ltr'>in</span> <span class='ocrx_word' id='word_1_205' title='bbox 1717 2052 1958 2105; x_wconf 86' lang='lat' dir='ltr'>auditum</span> 
     </span>
     <span class='ocr_line' id='line_1_23' title="bbox 112 2136 2137 2205; baseline 0.001 -18"><span class='ocrx_word' id='word_1_206' title='bbox 112 2142 277 2199; x_wconf 86' lang='lat' dir='ltr'>tuum,</span> <span class='ocrx_word' id='word_1_207' title='bbox 322 2136 468 2205; x_wconf 89' lang='lat' dir='ltr'>quod</span> <span class='ocrx_word' id='word_1_208' title='bbox 506 2137 781 2203; x_wconf 74' lang='lat' dir='ltr'>ruqz&#39;ebam</span> <span class='ocrx_word' id='word_1_209' title='bbox 816 2155 852 2188; x_wconf 83' lang='lat' dir='ltr'>a</span> <span class='ocrx_word' id='word_1_210' title='bbox 883 2138 1090 2203; x_wconf 71' lang='lat' dir='ltr'>yemitu</span> <span class='ocrx_word' id='word_1_211' title='bbox 1135 2137 1310 2187; x_wconf 74' lang='lat' dir='ltr'>cordis</span> <span class='ocrx_word' id='word_1_212' title='bbox 1342 2139 1467 2202; x_wconf 81' lang='lat' dir='ltr'>mei,</span> <span class='ocrx_word' id='word_1_213' title='bbox 1503 2143 1556 2188; x_wconf 89' lang='lat' dir='ltr'>et</span> <span class='ocrx_word' id='word_1_214' title='bbox 1587 2144 1717 2189; x_wconf 81' lang='lat' dir='ltr'>ante</span> <span class='ocrx_word' id='word_1_215' title='bbox 1752 2145 1803 2189; x_wconf 79' lang='lat' dir='ltr'>te</span> <span class='ocrx_word' id='word_1_216' title='bbox 1835 2145 1957 2190; x_wconf 82' lang='lat' dir='ltr'>erat</span> <span class='ocrx_word' id='word_1_217' title='bbox 1972 2151 2038 2191; x_wconf 87' lang='lat' dir='ltr'>Ps.</span> <span class='ocrx_word' id='word_1_218' title='bbox 2065 2151 2137 2197; x_wconf 73' lang='lat'>37,</span> 
     </span>
     <span class='ocr_line' id='line_1_24' title="bbox 111 2206 2123 2285; baseline 0.002 -14"><span class='ocrx_word' id='word_1_219' title='bbox 111 2220 433 2272; x_wconf 76' lang='lat' dir='ltr'>desiderium</span> <span class='ocrx_word' id='word_1_220' title='bbox 492 2239 687 2285; x_wconf 76' lang='lat' dir='ltr'>meum,</span> <span class='ocrx_word' id='word_1_221' title='bbox 737 2228 790 2273; x_wconf 74' lang='lat' dir='ltr'>et</span> <span class='ocrx_word' id='word_1_222' title='bbox 839 2224 1020 2273; x_wconf 75' lang='lat' dir='ltr'>lumen</span> <span class='ocrx_word' id='word_1_223' title='bbox 1069 2224 1341 2273; x_wconf 76' lang='lat' dir='ltr'>oculorum</span> <span class='ocrx_word' id='word_1_224' title='bbox 1391 2240 1630 2274; x_wconf 76' lang='lat' dir='ltr'>meorum</span> <span class='ocrx_word' id='word_1_225' title='bbox 1682 2241 1788 2275; x_wconf 70' lang='lat' dir='ltr'>von</span> <span class='ocrx_word' id='word_1_226' title='bbox 1837 2232 1958 2276; x_wconf 81' lang='lat' dir='ltr'>erat</span> <span class='ocrx_word' id='word_1_227' title='bbox 1972 2206 2123 2244; x_wconf 83' lang='lat'>9-11‚</span> 
     </span>
     <span class='ocr_line' id='line_1_25' title="bbox 111 2307 1956 2373; baseline 0.004 -18"><span class='ocrx_word' id='word_1_228' title='bbox 111 2322 335 2356; x_wconf 73' lang='lat' dir='ltr'>mecum.</span> <span class='ocrx_word' id='word_1_229' title='bbox 425 2307 580 2357; x_wconf 90' lang='lat' dir='ltr'>Intus</span> <span class='ocrx_word' id='word_1_230' title='bbox 620 2307 759 2357; x_wconf 90' lang='lat' dir='ltr'>enim</span> <span class='ocrx_word' id='word_1_231' title='bbox 805 2315 932 2370; x_wconf 84' lang='lat' dir='ltr'>erat,</span> <span class='ocrx_word' id='word_1_232' title='bbox 973 2325 1072 2373; x_wconf 92' lang='lat' dir='ltr'>ego</span> <span class='ocrx_word' id='word_1_233' title='bbox 1125 2314 1303 2359; x_wconf 88' lang='lat' dir='ltr'>autem</span> <span class='ocrx_word' id='word_1_234' title='bbox 1351 2308 1494 2359; x_wconf 88' lang='lat' dir='ltr'>foris.</span> <span class='ocrx_word' id='word_1_235' title='bbox 1573 2310 1692 2361; x_wconf 88' lang='lat' dir='ltr'>Nec</span> <span class='ocrx_word' id='word_1_236' title='bbox 1734 2309 1793 2359; x_wconf 92' lang='lat' dir='ltr'>in</span> <span class='ocrx_word' id='word_1_237' title='bbox 1835 2311 1956 2362; x_wconf 90' lang='lat' dir='ltr'>loco</span> 
     </span>
     <span class='ocr_line' id='line_1_26' title="bbox 110 2390 1957 2461; baseline 0.003 -21"><span class='ocrx_word' id='word_1_238' title='bbox 110 2390 266 2441; x_wconf 89' lang='lat' dir='ltr'>illud:</span> <span class='ocrx_word' id='word_1_239' title='bbox 308 2399 362 2441; x_wconf 86' lang='lat' dir='ltr'>at</span> <span class='ocrx_word' id='word_1_240' title='bbox 386 2409 484 2458; x_wconf 92' lang='lat' dir='ltr'>ego</span> <span class='ocrx_word' id='word_1_241' title='bbox 519 2391 860 2443; x_wconf 87' lang='lat' dir='ltr'>intendebam</span> <span class='ocrx_word' id='word_1_242' title='bbox 886 2393 943 2443; x_wconf 93' lang='lat' dir='ltr'>in</span> <span class='ocrx_word' id='word_1_243' title='bbox 970 2410 1034 2443; x_wconf 89' lang='lat' dir='ltr'>ea</span> <span class='ocrx_word' id='word_1_244' title='bbox 1059 2410 1179 2461; x_wconf 86' lang='lat' dir='ltr'>quae</span> <span class='ocrx_word' id='word_1_245' title='bbox 1215 2393 1352 2444; x_wconf 89' lang='lat' dir='ltr'>locis</span> <span class='ocrx_word' id='word_1_246' title='bbox 1383 2394 1738 2458; x_wconf 88' lang='lat' dir='ltr'>continentur,</span> <span class='ocrx_word' id='word_1_247' title='bbox 1765 2401 1818 2446; x_wconf 93' lang='lat' dir='ltr'>et</span> <span class='ocrx_word' id='word_1_248' title='bbox 1847 2413 1957 2445; x_wconf 90' lang='lat' dir='ltr'>non</span> 
     </span>
    </p>

    <p class='ocr_par' dir='ltr' id='par_1_6' title="bbox 113 2474 1955 2547">
     <span class='ocr_line' id='line_1_27' title="bbox 113 2474 1955 2547; baseline 0.004 -24"><span class='ocrx_word' id='word_1_249' title='bbox 113 2474 188 2524; x_wconf 90' lang='lat' dir='ltr'>ibi</span> <span class='ocrx_word' id='word_1_250' title='bbox 231 2475 566 2527; x_wconf 80' lang='lat' dir='ltr'>inveniebam</span> <span class='ocrx_word' id='word_1_251' title='bbox 603 2477 782 2527; x_wconf 88' lang='lat' dir='ltr'>locum</span> <span class='ocrx_word' id='word_1_252' title='bbox 820 2476 889 2528; x_wconf 89' lang='lat' dir='ltr'>ad</span> <span class='ocrx_word' id='word_1_253' title='bbox 925 2477 1395 2546; x_wconf 83' lang='lat' dir='ltr'>requiescendum3</span> <span class='ocrx_word' id='word_1_254' title='bbox 1447 2497 1549 2531; x_wconf 91' lang='lat' dir='ltr'>nec</span> <span class='ocrx_word' id='word_1_255' title='bbox 1588 2479 1955 2547; x_wconf 75' lang='lat' dir='ltr'>recipiebant’</span> 
     </span>
    </p>

    <p class='ocr_par' dir='ltr' id='par_1_7' title="bbox 114 2560 1961 2719">
     <span class='ocr_line' id='line_1_28' title="bbox 115 2560 1961 2628; baseline 0.004 -18"><span class='ocrx_word' id='word_1_256' title='bbox 115 2578 197 2611; x_wconf 86' lang='lat' dir='ltr'>me</span> <span class='ocrx_word' id='word_1_257' title='bbox 235 2560 338 2612; x_wconf 87' lang='lat' dir='ltr'>ista</span> <span class='ocrx_word' id='word_1_258' title='bbox 378 2569 437 2612; x_wconf 92' lang='lat' dir='ltr'>ut</span> <span class='ocrx_word' id='word_1_259' title='bbox 480 2561 726 2626; x_wconf 87' lang='lat' dir='ltr'>dicerem,</span> <span class='ocrx_word' id='word_1_260' title='bbox 768 2564 862 2615; x_wconf 86' lang='lat' dir='ltr'>Sat</span> <span class='ocrx_word' id='word_1_261' title='bbox 900 2571 997 2627; x_wconf 90' lang='lat' dir='ltr'>est,</span> <span class='ocrx_word' id='word_1_262' title='bbox 1038 2571 1091 2616; x_wconf 89' lang='lat' dir='ltr'>et</span> <span class='ocrx_word' id='word_1_263' title='bbox 1132 2566 1271 2616; x_wconf 90' lang='lat' dir='ltr'>bene</span> <span class='ocrx_word' id='word_1_264' title='bbox 1318 2573 1423 2628; x_wconf 85' lang='lat' dir='ltr'>est3</span> <span class='ocrx_word' id='word_1_265' title='bbox 1476 2584 1578 2617; x_wconf 89' lang='lat' dir='ltr'>nec</span> <span class='ocrx_word' id='word_1_266' title='bbox 1618 2566 1961 2619; x_wconf 84' lang='lat' dir='ltr'>dimittebant</span> 
     </span>
     <span class='ocr_line' id='line_1_29' title="bbox 114 2645 1959 2719; baseline 0.003 -22"><span class='ocrx_word' id='word_1_267' title='bbox 114 2645 300 2710; x_wconf 88' lang='lat' dir='ltr'>redire,</span> <span class='ocrx_word' id='word_1_268' title='bbox 326 2647 418 2698; x_wconf 90' lang='lat' dir='ltr'>ubi</span> <span class='ocrx_word' id='word_1_269' title='bbox 445 2648 576 2698; x_wconf 89' lang='lat' dir='ltr'>mihi</span> <span class='ocrx_word' id='word_1_270' title='bbox 616 2649 742 2700; x_wconf 91' lang='lat' dir='ltr'>satis</span> <span class='ocrx_word' id='word_1_271' title='bbox 775 2655 916 2700; x_wconf 88' lang='lat' dir='ltr'>esset</span> <span class='ocrx_word' id='word_1_272' title='bbox 946 2650 1100 2701; x_wconf 89' lang='lat' dir='ltr'>bene.</span> <span class='ocrx_word' id='word_1_273' title='bbox 1178 2651 1432 2719; x_wconf 86' lang='lat' dir='ltr'>Superior</span> <span class='ocrx_word' id='word_1_274' title='bbox 1465 2651 1607 2702; x_wconf 90' lang='lat' dir='ltr'>enim</span> <span class='ocrx_word' id='word_1_275' title='bbox 1645 2669 1789 2702; x_wconf 86' lang='lat' dir='ltr'>eram</span> <span class='ocrx_word' id='word_1_276' title='bbox 1821 2652 1959 2716; x_wconf 84' lang='lat' dir='ltr'>istis,</span> 
     </span>
    </p>

    <p class='ocr_par' dir='ltr' id='par_1_8' title="bbox 113 2731 1962 2800">
     <span class='ocr_line' id='line_1_30' title="bbox 113 2731 1962 2800; baseline 0.003 -18"><span class='ocrx_word' id='word_1_277' title='bbox 113 2739 164 2782; x_wconf 87' lang='lat' dir='ltr'>te</span> <span class='ocrx_word' id='word_1_278' title='bbox 189 2739 364 2783; x_wconf 85' lang='lat' dir='ltr'>autem</span> <span class='ocrx_word' id='word_1_279' title='bbox 401 2731 635 2796; x_wconf 82' lang='lat' dir='ltr'>inferi0r3</span> <span class='ocrx_word' id='word_1_280' title='bbox 675 2739 728 2784; x_wconf 91' lang='lat' dir='ltr'>et</span> <span class='ocrx_word' id='word_1_281' title='bbox 752 2740 812 2784; x_wconf 86' lang='lat' dir='ltr'>tu</span> <span class='ocrx_word' id='word_1_282' title='bbox 839 2733 1093 2799; x_wconf 88' lang='lat' dir='ltr'>gaudium</span> <span class='ocrx_word' id='word_1_283' title='bbox 1130 2753 1311 2786; x_wconf 83' lang='lat' dir='ltr'>verum</span> <span class='ocrx_word' id='word_1_284' title='bbox 1342 2736 1475 2787; x_wconf 90' lang='lat' dir='ltr'>mihi</span> <span class='ocrx_word' id='word_1_285' title='bbox 1511 2736 1727 2788; x_wconf 85' lang='lat' dir='ltr'>subdito</span> <span class='ocrx_word' id='word_1_286' title='bbox 1762 2736 1879 2800; x_wconf 89' lang='lat' dir='ltr'>tibi,</span> <span class='ocrx_word' id='word_1_287' title='bbox 1907 2744 1962 2788; x_wconf 88' lang='lat' dir='ltr'>et</span> 
     </span>
    </p>

    <p class='ocr_par' dir='ltr' id='par_1_9' title="bbox 112 2816 2140 3230">
     <span class='ocr_line' id='line_1_31' title="bbox 112 2816 1958 2887; baseline 0.005 -22"><span class='ocrx_word' id='word_1_288' title='bbox 112 2822 171 2866; x_wconf 93' lang='lat' dir='ltr'>tu</span> <span class='ocrx_word' id='word_1_289' title='bbox 195 2816 326 2866; x_wconf 84' lang='lat' dir='ltr'>mihi</span> <span class='ocrx_word' id='word_1_290' title='bbox 354 2816 653 2886; x_wconf 83' lang='lat' dir='ltr'>subjeceras</span> <span class='ocrx_word' id='word_1_291' title='bbox 682 2836 801 2887; x_wconf 75' lang='lat' dir='ltr'>quae</span> <span class='ocrx_word' id='word_1_292' title='bbox 828 2819 965 2870; x_wconf 87' lang='lat' dir='ltr'>infra</span> <span class='ocrx_word' id='word_1_293' title='bbox 989 2838 1073 2871; x_wconf 88' lang='lat' dir='ltr'>me</span> <span class='ocrx_word' id='word_1_294' title='bbox 1102 2821 1309 2872; x_wconf 89' lang='lat' dir='ltr'>creasti.</span> <span class='ocrx_word' id='word_1_295' title='bbox 1383 2823 1458 2872; x_wconf 87' lang='lat' dir='ltr'>Et</span> <span class='ocrx_word' id='word_1_296' title='bbox 1482 2822 1726 2873; x_wconf 62' lang='lat' dir='ltr'>hocerat</span> <span class='ocrx_word' id='word_1_297' title='bbox 1755 2831 1958 2874; x_wconf 90' lang='lat' dir='ltr'>rectum</span> 
     </span>
     <span class='ocr_line' id='line_1_32' title="bbox 113 2903 1959 2971; baseline 0.005 -21"><span class='ocrx_word' id='word_1_298' title='bbox 113 2908 581 2968; x_wconf 89' lang='lat' dir='ltr'>temperamentum</span> <span class='ocrx_word' id='word_1_299' title='bbox 594 2906 629 2967; x_wconf 57' lang='grc' dir='ltr'>ς,</span> <span class='ocrx_word' id='word_1_300' title='bbox 656 2912 709 2954; x_wconf 90' lang='lat' dir='ltr'>et</span> <span class='ocrx_word' id='word_1_301' title='bbox 731 2903 908 2955; x_wconf 85' lang='lat' dir='ltr'>media</span> <span class='ocrx_word' id='word_1_302' title='bbox 930 2905 1078 2971; x_wconf 87' lang='lat' dir='ltr'>regio</span> <span class='ocrx_word' id='word_1_303' title='bbox 1107 2906 1292 2958; x_wconf 84' lang='lat' dir='ltr'>salutis</span> <span class='ocrx_word' id='word_1_304' title='bbox 1316 2925 1469 2970; x_wconf 87' lang='lat' dir='ltr'>meae,</span> <span class='ocrx_word' id='word_1_305' title='bbox 1494 2914 1555 2959; x_wconf 91' lang='lat' dir='ltr'>ut</span> <span class='ocrx_word' id='word_1_306' title='bbox 1585 2925 1854 2958; x_wconf 86' lang='lat' dir='ltr'>manerem</span> <span class='ocrx_word' id='word_1_307' title='bbox 1890 2908 1959 2960; x_wconf 90' lang='lat' dir='ltr'>ad</span> 
     </span>
     <span class='ocr_line' id='line_1_33' title="bbox 113 2984 1958 3061; baseline 0.004 -26"><span class='ocrx_word' id='word_1_308' title='bbox 113 2984 398 3051; x_wconf 88' lang='lat' dir='ltr'>imaginem</span> <span class='ocrx_word' id='word_1_309' title='bbox 423 2995 587 3051; x_wconf 89' lang='lat' dir='ltr'>tuam,</span> <span class='ocrx_word' id='word_1_310' title='bbox 611 2995 665 3039; x_wconf 90' lang='lat' dir='ltr'>et</span> <span class='ocrx_word' id='word_1_311' title='bbox 688 2988 787 3040; x_wconf 92' lang='lat' dir='ltr'>tibi</span> <span class='ocrx_word' id='word_1_312' title='bbox 813 2990 1047 3041; x_wconf 89' lang='lat' dir='ltr'>serviens</span> <span class='ocrx_word' id='word_1_313' title='bbox 1073 2989 1373 3044; x_wconf 83' lang='lat' dir='ltr'>dominarer</span> <span class='ocrx_word' id='word_1_314' title='bbox 1398 2994 1622 3061; x_wconf 89' lang='lat' dir='ltr'>corpori.</span> <span class='ocrx_word' id='word_1_315' title='bbox 1700 2993 1809 3045; x_wconf 86' lang='lat' dir='ltr'>Sed</span> <span class='ocrx_word' id='word_1_316' title='bbox 1835 3011 1958 3046; x_wconf 90' lang='lat' dir='ltr'>cum</span> 
     </span>
     <span class='ocr_line' id='line_1_34' title="bbox 116 3071 2140 3140; baseline 0.005 -21"><span class='ocrx_word' id='word_1_317' title='bbox 116 3071 339 3136; x_wconf 88' lang='lat' dir='ltr'>superbe</span> <span class='ocrx_word' id='word_1_318' title='bbox 364 3078 548 3124; x_wconf 90' lang='lat' dir='ltr'>contra</span> <span class='ocrx_word' id='word_1_319' title='bbox 579 3080 629 3124; x_wconf 88' lang='lat' dir='ltr'>te</span> <span class='ocrx_word' id='word_1_320' title='bbox 666 3091 951 3140; x_wconf 85' lang='lat' dir='ltr'>surgerem,</span> <span class='ocrx_word' id='word_1_321' title='bbox 975 3082 1028 3126; x_wconf 87' lang='lat' dir='ltr'>et</span> <span class='ocrx_word' id='word_1_322' title='bbox 1061 3093 1331 3128; x_wconf 78' lang='lat' dir='ltr'>currerem</span> <span class='ocrx_word' id='word_1_323' title='bbox 1366 3078 1620 3129; x_wconf 71' lang='lat' dir='ltr'>adversus</span> <span class='ocrx_word' id='word_1_324' title='bbox 1657 3080 1955 3129; x_wconf 77' lang='lat' dir='ltr'>Dominum</span> <span class='ocrx_word' id='word_1_325' title='bbox 1971 3090 2051 3130; x_wconf 88' lang='lat' dir='ltr'>Job</span> <span class='ocrx_word' id='word_1_326' title='bbox 2078 3093 2140 3138; x_wconf 86' lang='lat'>15,</span> 
     </span>
     <span class='ocr_line' id='line_1_35' title="bbox 115 3146 2038 3230; baseline 0.006 -28"><span class='ocrx_word' id='word_1_327' title='bbox 115 3155 173 3202; x_wconf 82' lang='lat' dir='ltr'>in</span> <span class='ocrx_word' id='word_1_328' title='bbox 190 3157 397 3206; x_wconf 73' lang='lat' dir='ltr'>cervice</span> <span class='ocrx_word' id='word_1_329' title='bbox 429 3175 608 3209; x_wconf 80' lang='lat' dir='ltr'>crassa</span> <span class='ocrx_word' id='word_1_330' title='bbox 642 3161 783 3210; x_wconf 70' lang='lat' dir='ltr'>scuti</span> <span class='ocrx_word' id='word_1_331' title='bbox 815 3162 939 3223; x_wconf 80' lang='lat' dir='ltr'>mei,</span> <span class='ocrx_word' id='word_1_332' title='bbox 966 3161 1126 3212; x_wconf 87' lang='lat' dir='ltr'>etiam</span> <span class='ocrx_word' id='word_1_333' title='bbox 1151 3162 1254 3214; x_wconf 89' lang='lat' dir='ltr'>ista</span> <span class='ocrx_word' id='word_1_334' title='bbox 1278 3162 1466 3214; x_wconf 88' lang='lat' dir='ltr'>infima</span> <span class='ocrx_word' id='word_1_335' title='bbox 1503 3180 1665 3230; x_wconf 87' lang='lat' dir='ltr'>supra</span> <span class='ocrx_word' id='word_1_336' title='bbox 1696 3181 1782 3213; x_wconf 90' lang='lat' dir='ltr'>me</span> <span class='ocrx_word' id='word_1_337' title='bbox 1814 3162 1959 3214; x_wconf 83' lang='lat' dir='ltr'>facta.</span> <span class='ocrx_word' id='word_1_338' title='bbox 1972 3146 2038 3183; x_wconf 70' lang='lat'>²⁶·</span> 
     </span>
    </p>
   </div>
   <div class='ocr_carea' id='block_1_3' title="bbox 118 3242 1956 3314">
    <p class='ocr_par' dir='ltr' id='par_1_10' title="bbox 118 3242 1956 3314">
     <span class='ocr_line' id='line_1_36' title="bbox 118 3242 1956 3314; baseline 0.007 -28"><span class='ocrx_word' id='word_1_339' title='bbox 118 3244 255 3299; x_wconf 93' lang='lat' dir='ltr'>sunt,</span> <span class='ocrx_word' id='word_1_340' title='bbox 281 3245 334 3288; x_wconf 91' lang='lat' dir='ltr'>et</span> <span class='ocrx_word' id='word_1_341' title='bbox 363 3242 689 3306; x_wconf 86' lang='lat' dir='ltr'>premebant,</span> <span class='ocrx_word' id='word_1_342' title='bbox 714 3251 766 3295; x_wconf 91' lang='lat' dir='ltr'>et</span> <span class='ocrx_word' id='word_1_343' title='bbox 800 3261 1066 3312; x_wconf 89' lang='lat' dir='ltr'>nusquam</span> <span class='ocrx_word' id='word_1_344' title='bbox 1103 3252 1215 3297; x_wconf 90' lang='lat' dir='ltr'>erat</span> <span class='ocrx_word' id='word_1_345' title='bbox 1244 3248 1614 3299; x_wconf 86' lang='lat' dir='ltr'>laxamentum</span> <span class='ocrx_word' id='word_1_346' title='bbox 1647 3254 1700 3298; x_wconf 90' lang='lat' dir='ltr'>et</span> <span class='ocrx_word' id='word_1_347' title='bbox 1729 3247 1956 3314; x_wconf 85' lang='lat' dir='ltr'>respira-</span> 
     </span>
    </p>
   </div>
   <div class='ocr_carea' id='block_1_4' title="bbox 115 3414 1958 3751">
    <p class='ocr_par' dir='ltr' id='par_1_11' title="bbox 115 3414 1958 3751">
     <span class='ocr_line' id='line_1_37' title="bbox 170 3414 1958 3474; baseline 0.008 -22"><span class='ocrx_word' id='word_1_348' title='bbox 170 3419 192 3451; x_wconf 72' lang='lat' dir='ltr'>t</span> <span class='ocrx_word' id='word_1_349' title='bbox 226 3414 277 3454; x_wconf 89' lang='lat' dir='ltr'>Se</span> <span class='ocrx_word' id='word_1_350' title='bbox 302 3415 424 3467; x_wconf 87' lang='lat' dir='ltr'>ipsam</span> <span class='ocrx_word' id='word_1_351' title='bbox 450 3429 541 3471; x_wconf 79' lang='lat' dir='ltr'>ergo</span> <span class='ocrx_word' id='word_1_352' title='bbox 571 3421 744 3474; x_wconf 79' lang='lat' dir='ltr'>cogitans</span> <span class='ocrx_word' id='word_1_353' title='bbox 765 3424 910 3472; x_wconf 82' lang='lat' dir='ltr'>anima,</span> <span class='ocrx_word' id='word_1_354' title='bbox 937 3437 996 3464; x_wconf 81' lang='lat' dir='ltr'>se·</span> <span class='ocrx_word' id='word_1_355' title='bbox 1051 3431 1221 3468; x_wconf 85' lang='lat' dir='ltr'>nataest‚</span> <span class='ocrx_word' id='word_1_356' title='bbox 1233 3431 1460 3464; x_wconf 83' lang='lat' dir='ltr'>naturarum</span> <span class='ocrx_word' id='word_1_357' title='bbox 1474 3425 1607 3465; x_wconf 85' lang='lat' dir='ltr'>ordine</span> <span class='ocrx_word' id='word_1_358' title='bbox 1620 3438 1699 3465; x_wconf 91' lang='lat' dir='ltr'>non</span> <span class='ocrx_word' id='word_1_359' title='bbox 1711 3425 1958 3470; x_wconf 87' lang='lat' dir='ltr'>locorum.ut</span> 
     </span>
     <span class='ocr_line' id='line_1_38' title="bbox 117 3470 1955 3532; baseline 0.006 -24"><span class='ocrx_word' id='word_1_360' title='bbox 117 3470 290 3508; x_wconf 88' lang='lat' dir='ltr'>cundum</span> <span class='ocrx_word' id='word_1_361' title='bbox 311 3479 488 3531; x_wconf 41' lang='lat' dir='ltr'>nat-uram</span> <span class='ocrx_word' id='word_1_362' title='bbox 509 3485 617 3512; x_wconf 81' lang='lat' dir='ltr'>suam</span> <span class='ocrx_word' id='word_1_363' title='bbox 629 3476 795 3516; x_wconf 83' lang='lat' dir='ltr'>ordinari</span> <span class='ocrx_word' id='word_1_364' title='bbox 812 3485 994 3532; x_wconf 87' lang='lat' dir='ltr'>appetat;</span> <span class='ocrx_word' id='word_1_365' title='bbox 1052 3491 1170 3531; x_wconf 87' lang='lat' dir='ltr'>supra</span> <span class='ocrx_word' id='word_1_366' title='bbox 1187 3479 1298 3518; x_wconf 79' lang='lat' dir='ltr'>illam</span> <span class='ocrx_word' id='word_1_367' title='bbox 1320 3492 1398 3518; x_wconf 89' lang='lat' dir='ltr'>non</span> <span class='ocrx_word' id='word_1_368' title='bbox 1412 3479 1460 3518; x_wconf 86' lang='lat' dir='ltr'>sit</span> <span class='ocrx_word' id='word_1_369' title='bbox 1484 3479 1555 3518; x_wconf 88' lang='lat' dir='ltr'>nisi</span> <span class='ocrx_word' id='word_1_370' title='bbox 1573 3479 1653 3519; x_wconf 89' lang='lat' dir='ltr'>ille.</span> <span class='ocrx_word' id='word_1_371' title='bbox 1711 3479 1840 3526; x_wconf 90' lang='lat' dir='ltr'>Idem,</span> <span class='ocrx_word' id='word_1_372' title='bbox 1858 3480 1955 3520; x_wconf 90' lang='lat' dir='ltr'>ibid.</span> 
     </span>
     <span class='ocr_line' id='line_1_39' title="bbox 116 3523 1956 3588; baseline 0.007 -27"><span class='ocrx_word' id='word_1_373' title='bbox 116 3523 188 3562; x_wconf 77' lang='lat' dir='ltr'>sub</span> <span class='ocrx_word' id='word_1_374' title='bbox 223 3536 270 3584; x_wconf 79' lang='lat' dir='ltr'>eo</span> <span class='ocrx_word' id='word_1_375' title='bbox 298 3524 446 3563; x_wconf 74' lang='lat' dir='ltr'>scilicet</span> <span class='ocrx_word' id='word_1_376' title='bbox 472 3525 534 3564; x_wconf 91' lang='lat' dir='ltr'>cui</span> <span class='ocrx_word' id='word_1_377' title='bbox 558 3528 759 3570; x_wconf 75' lang='lat' dir='ltr'>subdenda</span> <span class='ocrx_word' id='word_1_378' title='bbox 783 3539 854 3577; x_wconf 67' lang='lat' dir='ltr'>aet.</span> <span class='ocrx_word' id='word_1_379' title='bbox 881 3545 999 3586; x_wconf 79' lang='lat' dir='ltr'>supra</span> <span class='ocrx_word' id='word_1_380' title='bbox 1053 3533 1080 3572; x_wconf 89' lang='lat'>1.</span> <span class='ocrx_word' id='word_1_381' title='bbox 1115 3532 1195 3571; x_wconf 85' lang='lat' dir='ltr'>xiv.</span> <span class='ocrx_word' id='word_1_382' title='bbox 1224 3545 1259 3572; x_wconf 90' lang='lat' dir='ltr'>c.</span> <span class='ocrx_word' id='word_1_383' title='bbox 1298 3534 1361 3572; x_wconf 85' lang='lat'>14.</span> <span class='ocrx_word' id='word_1_384' title='bbox 1420 3533 1592 3586; x_wconf 82' lang='lat' dir='ltr'>Expedit</span> <span class='ocrx_word' id='word_1_385' title='bbox 1627 3532 1785 3574; x_wconf 83' lang='lat' dir='ltr'>inferius</span> <span class='ocrx_word' id='word_1_386' title='bbox 1811 3534 1956 3588; x_wconf 90' lang='lat' dir='ltr'>subjici</span> 
     </span>
     <span class='ocr_line' id='line_1_40' title="bbox 115 3578 1955 3641; baseline 0.007 -26"><span class='ocrx_word' id='word_1_387' title='bbox 115 3578 318 3638; x_wconf 69' lang='lat' dir='ltr'>eaqmbus</span> <span class='ocrx_word' id='word_1_388' title='bbox 332 3580 684 3631; x_wconf 63' lang='lat' dir='ltr'>praeponendam:</span> <span class='ocrx_word' id='word_1_389' title='bbox 715 3585 788 3624; x_wconf 75' lang='lat' dir='ltr'>sub</span> <span class='ocrx_word' id='word_1_390' title='bbox 804 3585 874 3626; x_wconf 86' lang='lat' dir='ltr'>ino</span> <span class='ocrx_word' id='word_1_391' title='bbox 889 3599 1003 3639; x_wconf 85' lang='lat' dir='ltr'>aquo</span> <span class='ocrx_word' id='word_1_392' title='bbox 1056 3586 1259 3640; x_wconf 78' lang='lat' dir='ltr'>superiori,</span> <span class='ocrx_word' id='word_1_393' title='bbox 1279 3592 1323 3625; x_wconf 85' lang='lat' dir='ltr'>ut</span> <span class='ocrx_word' id='word_1_394' title='bbox 1338 3593 1378 3625; x_wconf 84' lang='lat' dir='ltr'>et</span> <span class='ocrx_word' id='word_1_395' title='bbox 1406 3584 1477 3627; x_wconf 85' lang='lat' dir='ltr'>ille</span> <span class='ocrx_word' id='word_1_396' title='bbox 1501 3587 1570 3639; x_wconf 91' lang='lat' dir='ltr'>qui</span> <span class='ocrx_word' id='word_1_397' title='bbox 1603 3586 1676 3626; x_wconf 87' lang='lat' dir='ltr'>sibi</span> <span class='ocrx_word' id='word_1_398' title='bbox 1707 3588 1846 3641; x_wconf 87' lang='lat' dir='ltr'>subjici</span> <span class='ocrx_word' id='word_1_399' title='bbox 1869 3589 1955 3628; x_wconf 86' lang='lat' dir='ltr'>vult</span> 
     </span>
     <span class='ocr_line' id='line_1_41' title="bbox 117 3631 1953 3722; baseline 0.008 -53"><span class='ocrx_word' id='word_1_400' title='bbox 117 3641 196 3683; x_wconf 70' lang='lat' dir='ltr'>regi</span> <span class='ocrx_word' id='word_1_401' title='bbox 225 3631 427 3692; x_wconf 39' lang='lat' dir='ltr'>debeb-su</span> <span class='ocrx_word' id='word_1_402' title='bbox 458 3645 500 3672; x_wconf 83' lang='lat' dir='ltr'>ra</span> <span class='ocrx_word' id='word_1_403' title='bbox 527 3646 575 3673; x_wconf 87' lang='lat' dir='ltr'>ea</span> <span class='ocrx_word' id='word_1_404' title='bbox 602 3647 690 3687; x_wconf 70' lang='lat' dir='ltr'>qun</span> <span class='ocrx_word' id='word_1_405' title='bbox 717 3649 847 3692; x_wconf 78' lang='lat' dir='ltr'>regere</span> <span class='ocrx_word' id='word_1_406' title='bbox 873 3640 1004 3680; x_wconf 80' lang='lat' dir='ltr'>debet.</span> <span class='ocrx_word' id='word_1_407' title='bbox 1058 3641 1163 3693; x_wconf 88' lang='lat' dir='ltr'>quod</span> <span class='ocrx_word' id='word_1_408' title='bbox 1180 3646 1239 3679; x_wconf 85' lang='lat' dir='ltr'>est</span> <span class='ocrx_word' id='word_1_409' title='bbox 1260 3639 1420 3680; x_wconf 84' lang='lat' dir='ltr'>inferius</span> <span class='ocrx_word' id='word_1_410' title='bbox 1436 3654 1493 3686; x_wconf 73' lang='lat' dir='ltr'>se,</span> <span class='ocrx_word' id='word_1_411' title='bbox 1511 3641 1742 3722; x_wconf 33' lang='lat' dir='ltr'>subiiciatur</span> <span class='ocrx_word' id='word_1_412' title='bbox 1766 3655 1812 3683; x_wconf 82' lang='lat' dir='ltr'>su</span> <span class='ocrx_word' id='word_1_413' title='bbox 1863 3643 1953 3683; x_wconf 86' lang='lat' dir='ltr'>riori</span> 
     </span>
     <span class='ocr_line' id='line_1_42' title="bbox 119 3683 1952 3751; baseline 0.008 -28"><span class='ocrx_word' id='word_1_414' title='bbox 119 3683 224 3737; x_wconf 79' lang='lat' dir='ltr'>Aug.</span> <span class='ocrx_word' id='word_1_415' title='bbox 240 3684 290 3725; x_wconf 84' lang='lat' dir='ltr'>de</span> <span class='ocrx_word' id='word_1_416' title='bbox 307 3686 415 3725; x_wconf 75' lang='lat' dir='ltr'>Trin.</span> <span class='ocrx_word' id='word_1_417' title='bbox 452 3714 461 3726; x_wconf 86' lang='lat'>.</span> <span class='ocrx_word' id='word_1_418' title='bbox 481 3700 519 3727; x_wconf 86' lang='lat' dir='ltr'>x.</span> <span class='ocrx_word' id='word_1_419' title='bbox 538 3699 574 3728; x_wconf 87' lang='lat' dir='ltr'>c.</span> <span class='ocrx_word' id='word_1_420' title='bbox 597 3690 637 3728; x_wconf 82' lang='lat'>5.</span> <span class='ocrx_word' id='word_1_421' title='bbox 697 3689 762 3731; x_wconf 82' lang='lat' dir='ltr'>Sic</span> <span class='ocrx_word' id='word_1_422' title='bbox 783 3692 887 3733; x_wconf 80' lang='lat' dir='ltr'>enim</span> <span class='ocrx_word' id='word_1_423' title='bbox 903 3693 1005 3734; x_wconf 85' lang='lat' dir='ltr'>ordi·</span> <span class='ocrx_word' id='word_1_424' title='bbox 1059 3707 1143 3735; x_wconf 82' lang='lat' dir='ltr'>suo.</span> <span class='ocrx_word' id='word_1_425' title='bbox 1171 3694 1278 3748; x_wconf 84' lang='lat' dir='ltr'>Aug.</span> <span class='ocrx_word' id='word_1_426' title='bbox 1294 3693 1334 3733; x_wconf 86' lang='lat' dir='ltr'>in</span> <span class='ocrx_word' id='word_1_427' title='bbox 1347 3695 1416 3735; x_wconf 76' lang='lat' dir='ltr'>Ps.</span> <span class='ocrx_word' id='word_1_428' title='bbox 1437 3697 1531 3736; x_wconf 80' lang='lat'>143.</span> <span class='ocrx_word' id='word_1_429' title='bbox 1561 3697 1585 3736; x_wconf 56' lang='grc' dir='ltr'><strong>Χ</strong></span> <span class='ocrx_word' id='word_1_430' title='bbox 1602 3695 1657 3737; x_wconf 86' lang='lat' dir='ltr'>id.</span> <span class='ocrx_word' id='word_1_431' title='bbox 1675 3710 1762 3751; x_wconf 80' lang='lat' dir='ltr'>sup.</span> <span class='ocrx_word' id='word_1_432' title='bbox 1778 3710 1802 3738; x_wconf 86' lang='lat' dir='ltr'>a</span> <span class='ocrx_word' id='word_1_433' title='bbox 1846 3697 1873 3739; x_wconf 89' lang='lat' dir='ltr'>i.</span> <span class='ocrx_word' id='word_1_434' title='bbox 1887 3699 1952 3738; x_wconf 90' lang='lat'>13.</span> 
     </span>
    </p>
   </div>
  </div>
 </body>
</html>
