<?xml version="1.0" encoding="UTF-8"?>
<!DOCTYPE html PUBLIC "-//W3C//DTD XHTML 1.0 Transitional//EN"
    "http://www.w3.org/TR/xhtml1/DTD/xhtml1-transitional.dtd">
<html xmlns="http://www.w3.org/1999/xhtml" xml:lang="en" lang="en">
 <head>
  <title>
</title>
<meta http-equiv="Content-Type" content="text/html;charset=utf-8" />
  <meta name='ocr-system' content='tesseract 3.04.00' />
  <meta name='ocr-capabilities' content='ocr_page ocr_carea ocr_par ocr_line ocrx_word'/>
</head>
<body>
  <div class='ocr_page' id='page_1' title='image "a545544600auguuoft_0106.png"; bbox 0 0 2378 4134; ppageno 0'>
   <div class='ocr_carea' id='block_1_1' title="bbox 399 200 472 250">
    <p class='ocr_par' dir='ltr' id='par_1_1' title="bbox 399 200 472 250">
     <span class='ocr_line' id='line_1_1' title="bbox 399 200 472 250; baseline 0 0"><span class='ocrx_word' id='word_1_1' title='bbox 399 200 472 250; x_wconf 77' lang='lat'>88</span> 
     </span>
    </p>
   </div>
   <div class='ocr_carea' id='block_1_2' title="bbox 889 205 1820 264">
    <p class='ocr_par' dir='ltr' id='par_1_2' title="bbox 889 205 1820 264">
     <span class='ocr_line' id='line_1_2' title="bbox 889 205 1820 264; baseline 0.004 -6"><span class='ocrx_word' id='word_1_2' title='bbox 889 205 945 258; x_wconf 87' lang='lat' dir='ltr'>S.</span> <span class='ocrx_word' id='word_1_3' title='bbox 974 206 1420 261; x_wconf 85' lang='lat' dir='ltr'><strong>AUGUSTINI</strong></span> <span class='ocrx_word' id='word_1_4' title='bbox 1458 207 1820 264; x_wconf 85' lang='lat' dir='ltr'>EPISCOPI</span> 
     </span>
    </p>
   </div>
   <div class='ocr_carea' id='block_1_3' title="bbox 399 333 2304 674">
    <p class='ocr_par' dir='ltr' id='par_1_3' title="bbox 399 333 2304 674">
     <span class='ocr_line' id='line_1_3' title="bbox 399 333 2304 414; baseline 0.009 -31"><span class='ocrx_word' id='word_1_5' title='bbox 399 349 569 384; x_wconf 88' lang='lat' dir='ltr'>manu</span> <span class='ocrx_word' id='word_1_6' title='bbox 593 333 883 391; x_wconf 85' lang='lat' dir='ltr'>mitissima</span> <span class='ocrx_word' id='word_1_7' title='bbox 908 346 964 392; x_wconf 92' lang='lat' dir='ltr'>et</span> <span class='ocrx_word' id='word_1_8' title='bbox 986 339 1495 396; x_wconf 85' lang='lat' dir='ltr'>misericordissima</span> <span class='ocrx_word' id='word_1_9' title='bbox 1526 349 1864 412; x_wconf 85' lang='lat' dir='ltr'>pertractans</span> <span class='ocrx_word' id='word_1_10' title='bbox 1888 350 1944 397; x_wconf 90' lang='lat' dir='ltr'>et</span> <span class='ocrx_word' id='word_1_11' title='bbox 1968 360 2304 414; x_wconf 78' lang='lat' dir='ltr'>componem</span> 
     </span>
     <span class='ocr_line' id='line_1_4' title="bbox 401 425 2303 502; baseline 0.007 -31"><span class='ocrx_word' id='word_1_12' title='bbox 401 435 498 471; x_wconf 88' lang='lat' dir='ltr'>cor</span> <span class='ocrx_word' id='word_1_13' title='bbox 535 439 737 488; x_wconf 90' lang='lat' dir='ltr'>meum,</span> <span class='ocrx_word' id='word_1_14' title='bbox 778 425 1148 479; x_wconf 81' lang='lat' dir='ltr'>consideranti</span> <span class='ocrx_word' id='word_1_15' title='bbox 1193 446 1360 498; x_wconf 91' lang='lat' dir='ltr'>quam</span> <span class='ocrx_word' id='word_1_16' title='bbox 1401 428 1824 483; x_wconf 84' lang='lat' dir='ltr'>innumerabilia</span> <span class='ocrx_word' id='word_1_17' title='bbox 1865 429 2139 483; x_wconf 84' lang='lat' dir='ltr'>crederem</span> <span class='ocrx_word' id='word_1_18' title='bbox 2179 449 2303 502; x_wconf 83' lang='lat' dir='ltr'>quae</span> 
     </span>
     <span class='ocr_line' id='line_1_5' title="bbox 401 507 2304 584; baseline 0.007 -27"><span class='ocrx_word' id='word_1_19' title='bbox 401 523 514 558; x_wconf 93' lang='lat' dir='ltr'>non</span> <span class='ocrx_word' id='word_1_20' title='bbox 551 507 846 577; x_wconf 82' lang='lat' dir='ltr'>viderem*,</span> <span class='ocrx_word' id='word_1_21' title='bbox 885 532 1066 584; x_wconf 92' lang='lat' dir='ltr'>neque</span> <span class='ocrx_word' id='word_1_22' title='bbox 1106 532 1232 567; x_wconf 91' lang='lat' dir='ltr'>cum</span> <span class='ocrx_word' id='word_1_23' title='bbox 1274 523 1588 582; x_wconf 86' lang='lat' dir='ltr'>gererentur</span> <span class='ocrx_word' id='word_1_24' title='bbox 1625 516 1959 580; x_wconf 83' lang='lat' dir='ltr'>adfuissem3</span> <span class='ocrx_word' id='word_1_25' title='bbox 2013 517 2156 570; x_wconf 87' lang='lat' dir='ltr'>sicut</span> <span class='ocrx_word' id='word_1_26' title='bbox 2191 524 2304 573; x_wconf 86' lang='lat' dir='ltr'>tam</span> 
     </span>
     <span class='ocr_line' id='line_1_6' title="bbox 402 595 2304 674; baseline 0.007 -28"><span class='ocrx_word' id='word_1_27' title='bbox 402 595 577 648; x_wconf 90' lang='lat' dir='ltr'>multa</span> <span class='ocrx_word' id='word_1_28' title='bbox 601 596 660 648; x_wconf 87' lang='lat' dir='ltr'>in</span> <span class='ocrx_word' id='word_1_29' title='bbox 685 597 912 653; x_wconf 84' lang='lat' dir='ltr'>historia</span> <span class='ocrx_word' id='word_1_30' title='bbox 938 602 1229 669; x_wconf 70' lang='lat' dir='ltr'>gentium⁸‚</span> <span class='ocrx_word' id='word_1_31' title='bbox 1256 610 1368 655; x_wconf 89' lang='lat' dir='ltr'>tam</span> <span class='ocrx_word' id='word_1_32' title='bbox 1394 603 1566 656; x_wconf 88' lang='lat' dir='ltr'>multa</span> <span class='ocrx_word' id='word_1_33' title='bbox 1600 603 1668 656; x_wconf 90' lang='lat' dir='ltr'>de</span> <span class='ocrx_word' id='word_1_34' title='bbox 1701 603 1839 657; x_wconf 90' lang='grc'><strong>10015</strong></span> <span class='ocrx_word' id='word_1_35' title='bbox 1877 611 2042 674; x_wconf 88' lang='lat' dir='ltr'>atque</span> <span class='ocrx_word' id='word_1_36' title='bbox 2077 605 2304 660; x_wconf 86' lang='lat' dir='ltr'>urbibus</span> 
     </span>
    </p>
   </div>
   <div class='ocr_carea' id='block_1_4' title="bbox 404 684 2378 756">
    <p class='ocr_par' dir='ltr' id='par_1_4' title="bbox 404 684 2378 756">
     <span class='ocr_line' id='line_1_7' title="bbox 404 684 2378 756; baseline 0.006 -22"><span class='ocrx_word' id='word_1_37' title='bbox 404 700 528 752; x_wconf 85' lang='lat' dir='ltr'>quae</span> <span class='ocrx_word' id='word_1_38' title='bbox 554 701 666 736; x_wconf 90' lang='lat' dir='ltr'>non</span> <span class='ocrx_word' id='word_1_39' title='bbox 695 684 950 752; x_wconf 90' lang='lat' dir='ltr'>videram,</span> <span class='ocrx_word' id='word_1_40' title='bbox 978 694 1091 740; x_wconf 87' lang='lat' dir='ltr'>tam</span> <span class='ocrx_word' id='word_1_41' title='bbox 1123 689 1296 741; x_wconf 90' lang='lat' dir='ltr'>multa</span> <span class='ocrx_word' id='word_1_42' title='bbox 1331 688 1542 754; x_wconf 83' lang='lat' dir='ltr'>amiciS,</span> <span class='ocrx_word' id='word_1_43' title='bbox 1567 696 1681 742; x_wconf 87' lang='lat' dir='ltr'>tam</span> <span class='ocrx_word' id='word_1_44' title='bbox 1714 691 1889 743; x_wconf 90' lang='lat' dir='ltr'>multa</span> <span class='ocrx_word' id='word_1_45' title='bbox 1916 690 2164 756; x_wconf 84' lang='lat' dir='ltr'>mediciS,</span> <span class='ocrx_word' id='word_1_46' title='bbox 2191 698 2303 746; x_wconf 90' lang='lat' dir='ltr'>tam</span> <span class='ocrx_word' id='word_1_47' title='bbox 2372 747 2378 751; x_wconf 78' lang='grc'><strong>,</strong></span> 
     </span>
    </p>
   </div>
   <div class='ocr_carea' id='block_1_5' title="bbox 2350 364 2378 697">
    <p class='ocr_par' dir='ltr' id='par_1_5' title="bbox 2350 364 2378 697">
     <span class='ocr_line' id='line_1_8' title="bbox 2363 364 2378 393; baseline 0 0"><span class='ocrx_word' id='word_1_48' title='bbox 2363 364 2378 393; x_wconf 77' lang='grc'>1</span> 
     </span>
     <span class='ocr_line' id='line_1_9' title="bbox 2358 406 2378 527; baseline 0 -44"><span class='ocrx_word' id='word_1_49' title='bbox 2358 406 2378 527; x_wconf 62' lang='grc' dir='ltr'>,ξ</span> 
     </span>
     <span class='ocr_line' id='line_1_10' title="bbox 2350 539 2378 615; baseline 0 0"><span class='ocrx_word' id='word_1_50' title='bbox 2350 539 2378 615; x_wconf 45' lang='grc' dir='ltr'><strong>ἡ</strong></span> 
     </span>
     <span class='ocr_line' id='line_1_11' title="bbox 2359 616 2378 697; baseline 0 0"><span class='ocrx_word' id='word_1_51' title='bbox 2359 616 2378 697; x_wconf 61' lang='lat' dir='ltr'>i</span> 
     </span>
    </p>
   </div>
   <div class='ocr_carea' id='block_1_6' title="bbox 401 770 2378 935">
    <p class='ocr_par' dir='ltr' id='par_1_6' title="bbox 401 770 2378 935">
     <span class='ocr_line' id='line_1_12' title="bbox 402 770 2378 847; baseline 0.005 -26"><span class='ocrx_word' id='word_1_52' title='bbox 402 770 575 823; x_wconf 86' lang='lat' dir='ltr'>multa</span> <span class='ocrx_word' id='word_1_53' title='bbox 592 771 907 825; x_wconf 88' lang='lat' dir='ltr'>hominibus</span> <span class='ocrx_word' id='word_1_54' title='bbox 928 775 1050 826; x_wconf 89' lang='lat' dir='ltr'>aliis</span> <span class='ocrx_word' id='word_1_55' title='bbox 1067 782 1232 845; x_wconf 88' lang='lat' dir='ltr'>atque</span> <span class='ocrx_word' id='word_1_56' title='bbox 1250 775 1398 840; x_wconf 83' lang='lat' dir='ltr'>aliis3</span> <span class='ocrx_word' id='word_1_57' title='bbox 1432 794 1555 846; x_wconf 86' lang='lat' dir='ltr'>quae</span> <span class='ocrx_word' id='word_1_58' title='bbox 1574 777 1683 829; x_wconf 89' lang='lat' dir='ltr'>nisi</span> <span class='ocrx_word' id='word_1_59' title='bbox 1699 777 2061 842; x_wconf 84' lang='lat' dir='ltr'>crederentur,</span> <span class='ocrx_word' id='word_1_60' title='bbox 2079 778 2302 847; x_wconf 85' lang='lat' dir='ltr'>omnino</span> <span class='ocrx_word' id='word_1_61' title='bbox 2371 793 2378 806; x_wconf 77' lang='lat'><strong>¹</strong></span> 
     </span>
     <span class='ocr_line' id='line_1_13' title="bbox 401 857 2300 935; baseline 0.006 -27"><span class='ocrx_word' id='word_1_62' title='bbox 401 857 460 908; x_wconf 92' lang='lat' dir='ltr'>in</span> <span class='ocrx_word' id='word_1_63' title='bbox 479 857 585 910; x_wconf 88' lang='lat' dir='ltr'>hac</span> <span class='ocrx_word' id='word_1_64' title='bbox 605 859 718 912; x_wconf 88' lang='lat' dir='ltr'>vita</span> <span class='ocrx_word' id='word_1_65' title='bbox 736 860 879 912; x_wconf 83' lang='lat' dir='ltr'>nihil</span> <span class='ocrx_word' id='word_1_66' title='bbox 899 879 1182 929; x_wconf 84' lang='lat' dir='ltr'>ageremus</span> <span class='ocrx_word' id='word_1_67' title='bbox 1197 862 1244 927; x_wconf 81' lang='lat'>&#39;&#39;;</span> <span class='ocrx_word' id='word_1_68' title='bbox 1283 871 1577 932; x_wconf 83' lang='lat' dir='ltr'>postremO,</span> <span class='ocrx_word' id='word_1_69' title='bbox 1598 883 1763 935; x_wconf 87' lang='lat' dir='ltr'>quam</span> <span class='ocrx_word' id='word_1_70' title='bbox 1782 865 2109 920; x_wconf 85' lang='lat' dir='ltr'>inconcusse</span> <span class='ocrx_word' id='word_1_71' title='bbox 2125 868 2300 921; x_wconf 83' lang='lat' dir='ltr'>fixum</span> 
     </span>
    </p>
   </div>
   <div class='ocr_carea' id='block_1_7' title="bbox 385 1041 1322 3829">
    <p class='ocr_par' dir='ltr' id='par_1_7' title="bbox 385 1041 1322 3829">
     <span class='ocr_line' id='line_1_14' title="bbox 403 1041 1320 1092; baseline 0.005 -12"><span class='ocrx_word' id='word_1_72' title='bbox 403 1041 520 1081; x_wconf 86' lang='lat' dir='ltr'>fldem</span> <span class='ocrx_word' id='word_1_73' title='bbox 555 1056 684 1083; x_wconf 89' lang='lat' dir='ltr'>meam</span> <span class='ocrx_word' id='word_1_74' title='bbox 707 1043 955 1085; x_wconf 81' lang='lat' dir='ltr'>labefactare</span> <span class='ocrx_word' id='word_1_75' title='bbox 977 1045 1149 1092; x_wconf 88' lang='lat' dir='ltr'>conaris,</span> <span class='ocrx_word' id='word_1_76' title='bbox 1172 1052 1320 1085; x_wconf 88' lang='lat' dir='ltr'>certam</span> 
     </span>
     <span class='ocr_line' id='line_1_15' title="bbox 401 1099 1322 1154; baseline 0.008 -19"><span class='ocrx_word' id='word_1_77' title='bbox 401 1099 607 1137; x_wconf 84' lang='lat' dir='ltr'>scientiam</span> <span class='ocrx_word' id='word_1_78' title='bbox 641 1099 767 1145; x_wconf 87' lang='lat' dir='ltr'>trade,</span> <span class='ocrx_word' id='word_1_79' title='bbox 799 1100 831 1139; x_wconf 92' lang='lat' dir='ltr'>si</span> <span class='ocrx_word' id='word_1_80' title='bbox 867 1108 1003 1154; x_wconf 85' lang='lat' dir='ltr'>potes;</span> <span class='ocrx_word' id='word_1_81' title='bbox 1048 1108 1094 1141; x_wconf 90' lang='lat' dir='ltr'>ut</span> <span class='ocrx_word' id='word_1_82' title='bbox 1126 1103 1180 1150; x_wconf 91' lang='lat' dir='ltr'>id,</span> <span class='ocrx_word' id='word_1_83' title='bbox 1214 1103 1322 1150; x_wconf 88' lang='lat' dir='ltr'>quod</span> 
     </span>
     <span class='ocr_line' id='line_1_16' title="bbox 402 1153 1320 1203; baseline 0.007 -12"><span class='ocrx_word' id='word_1_84' title='bbox 402 1153 569 1203; x_wconf 86' lang='lat' dir='ltr'>credidi,</span> <span class='ocrx_word' id='word_1_85' title='bbox 593 1160 740 1195; x_wconf 90' lang='lat' dir='ltr'>temere</span> <span class='ocrx_word' id='word_1_86' title='bbox 766 1168 829 1195; x_wconf 91' lang='lat' dir='ltr'>me</span> <span class='ocrx_word' id='word_1_87' title='bbox 850 1155 1063 1197; x_wconf 86' lang='lat' dir='ltr'>credidisse</span> <span class='ocrx_word' id='word_1_88' title='bbox 1088 1157 1320 1197; x_wconf 85' lang='lat' dir='ltr'>convincas.</span> 
     </span>
     <span class='ocr_line' id='line_1_17' title="bbox 403 1209 1319 1266; baseline 0.007 -19"><span class='ocrx_word' id='word_1_89' title='bbox 403 1209 499 1247; x_wconf 91' lang='lat' dir='ltr'>Duo</span> <span class='ocrx_word' id='word_1_90' title='bbox 518 1216 612 1249; x_wconf 89' lang='lat' dir='ltr'>sunt</span> <span class='ocrx_word' id='word_1_91' title='bbox 631 1224 724 1262; x_wconf 87' lang='lat' dir='ltr'>quae</span> <span class='ocrx_word' id='word_1_92' title='bbox 746 1210 843 1250; x_wconf 88' lang='lat' dir='ltr'>mihi</span> <span class='ocrx_word' id='word_1_93' title='bbox 861 1211 1010 1266; x_wconf 87' lang='lat' dir='ltr'>profers</span> <span class='ocrx_word' id='word_1_94' title='bbox 1027 1229 1037 1263; x_wconf 83' lang='lat'>3</span> <span class='ocrx_word' id='word_1_95' title='bbox 1067 1226 1209 1262; x_wconf 89' lang='lat' dir='ltr'>unum,</span> <span class='ocrx_word' id='word_1_96' title='bbox 1227 1226 1319 1253; x_wconf 89' lang='grc'><strong>00111</strong></span> 
     </span>
     <span class='ocr_line' id='line_1_18' title="bbox 401 1262 1318 1323; baseline 0.008 -21"><span class='ocrx_word' id='word_1_97' title='bbox 401 1262 501 1303; x_wconf 85' lang='grc'><strong>(11015</strong></span> <span class='ocrx_word' id='word_1_98' title='bbox 527 1264 717 1319; x_wconf 87' lang='lat' dir='ltr'>Spiritum</span> <span class='ocrx_word' id='word_1_99' title='bbox 736 1267 925 1306; x_wconf 88' lang='lat' dir='ltr'>Sanctum</span> <span class='ocrx_word' id='word_1_100' title='bbox 944 1281 1027 1308; x_wconf 86' lang='lat' dir='ltr'>esse</span> <span class='ocrx_word' id='word_1_101' title='bbox 1043 1269 1111 1322; x_wconf 87' lang='lat' dir='ltr'>qui</span> <span class='ocrx_word' id='word_1_102' title='bbox 1128 1269 1318 1323; x_wconf 86' lang='lat' dir='ltr'>loquitur,</span> 
     </span>
     <span class='ocr_line' id='line_1_19' title="bbox 398 1319 1320 1379; baseline 0.007 -21"><span class='ocrx_word' id='word_1_103' title='bbox 398 1326 438 1358; x_wconf 91' lang='lat' dir='ltr'>et</span> <span class='ocrx_word' id='word_1_104' title='bbox 457 1319 643 1368; x_wconf 87' lang='lat' dir='ltr'>alterum,</span> <span class='ocrx_word' id='word_1_105' title='bbox 666 1335 755 1361; x_wconf 89' lang='lat' dir='ltr'>cum</span> <span class='ocrx_word' id='word_1_106' title='bbox 778 1323 879 1363; x_wconf 90' lang='lat' dir='ltr'>dicis</span> <span class='ocrx_word' id='word_1_107' title='bbox 897 1323 1107 1364; x_wconf 82' lang='lat' dir='ltr'>manifesta</span> <span class='ocrx_word' id='word_1_108' title='bbox 1125 1338 1209 1365; x_wconf 90' lang='lat' dir='ltr'>esse</span> <span class='ocrx_word' id='word_1_109' title='bbox 1228 1338 1320 1379; x_wconf 77' lang='lat' dir='ltr'>quae</span> 
     </span>
     <span class='ocr_line' id='line_1_20' title="bbox 399 1374 1319 1429; baseline 0.007 -16"><span class='ocrx_word' id='word_1_110' title='bbox 399 1374 593 1429; x_wconf 86' lang='lat' dir='ltr'>loquitur.</span> <span class='ocrx_word' id='word_1_111' title='bbox 645 1378 724 1418; x_wconf 87' lang='lat' dir='ltr'>Sed</span> <span class='ocrx_word' id='word_1_112' title='bbox 741 1386 780 1417; x_wconf 90' lang='lat' dir='ltr'>tu</span> <span class='ocrx_word' id='word_1_113' title='bbox 809 1392 880 1419; x_wconf 76' lang='grc' dir='ltr'>1,οο</span> <span class='ocrx_word' id='word_1_114' title='bbox 913 1379 984 1419; x_wconf 92' lang='grc'><strong>1100</strong></span> <span class='ocrx_word' id='word_1_115' title='bbox 1016 1394 1089 1420; x_wconf 90' lang='grc'><strong>1100</strong></span> <span class='ocrx_word' id='word_1_116' title='bbox 1119 1380 1221 1420; x_wconf 90' lang='lat' dir='ltr'>illud</span> <span class='ocrx_word' id='word_1_117' title='bbox 1250 1394 1319 1421; x_wconf 90' lang='lat' dir='ltr'>va·</span> 
     </span>
     <span class='ocr_line' id='line_1_21' title="bbox 400 1430 1316 1488; baseline 0.008 -20"><span class='ocrx_word' id='word_1_118' title='bbox 400 1430 458 1470; x_wconf 91' lang='lat' dir='ltr'>les</span> <span class='ocrx_word' id='word_1_119' title='bbox 479 1431 699 1473; x_wconf 88' lang='lat' dir='ltr'>ostendere.</span> <span class='ocrx_word' id='word_1_120' title='bbox 763 1434 878 1473; x_wconf 85' lang='lat' dir='ltr'>Nihil</span> <span class='ocrx_word' id='word_1_121' title='bbox 911 1434 1023 1475; x_wconf 86' lang='lat' dir='ltr'>aliud</span> <span class='ocrx_word' id='word_1_122' title='bbox 1052 1436 1205 1488; x_wconf 84' lang='lat' dir='ltr'>elegisti</span> <span class='ocrx_word' id='word_1_123' title='bbox 1246 1436 1316 1476; x_wconf 90' lang='lat' dir='ltr'>nisi</span> 
     </span>
     <span class='ocr_line' id='line_1_22' title="bbox 399 1486 1319 1545; baseline 0.008 -20"><span class='ocrx_word' id='word_1_124' title='bbox 399 1486 566 1527; x_wconf 85' lang='lat' dir='ltr'>laudare</span> <span class='ocrx_word' id='word_1_125' title='bbox 605 1502 696 1541; x_wconf 86' lang='lat' dir='ltr'>quae</span> <span class='ocrx_word' id='word_1_126' title='bbox 734 1491 876 1538; x_wconf 85' lang='lat' dir='ltr'>credis,</span> <span class='ocrx_word' id='word_1_127' title='bbox 916 1499 956 1531; x_wconf 87' lang='lat' dir='ltr'>et</span> <span class='ocrx_word' id='word_1_128' title='bbox 1006 1491 1165 1532; x_wconf 84' lang='lat' dir='ltr'>irridere</span> <span class='ocrx_word' id='word_1_129' title='bbox 1211 1493 1319 1545; x_wconf 90' lang='lat' dir='ltr'>quod</span> 
     </span>
     <span class='ocr_line' id='line_1_23' title="bbox 400 1543 1317 1599; baseline 0.008 -18"><span class='ocrx_word' id='word_1_130' title='bbox 400 1543 530 1582; x_wconf 91' lang='lat' dir='ltr'>credo.</span> <span class='ocrx_word' id='word_1_131' title='bbox 591 1544 697 1584; x_wconf 90' lang='lat' dir='ltr'>Cum</span> <span class='ocrx_word' id='word_1_132' title='bbox 729 1546 848 1598; x_wconf 83' lang='lat' dir='ltr'>igitur</span> <span class='ocrx_word' id='word_1_133' title='bbox 882 1559 954 1599; x_wconf 84' lang='lat' dir='ltr'>ego</span> <span class='ocrx_word' id='word_1_134' title='bbox 981 1547 1147 1587; x_wconf 88' lang='lat' dir='ltr'>vicissim</span> <span class='ocrx_word' id='word_1_135' title='bbox 1176 1548 1317 1588; x_wconf 85' lang='lat' dir='ltr'>lauda-</span> 
     </span>
     <span class='ocr_line' id='line_1_24' title="bbox 398 1600 1317 1654; baseline 0.007 -17"><span class='ocrx_word' id='word_1_136' title='bbox 398 1611 491 1638; x_wconf 85' lang='lat' dir='ltr'>vero</span> <span class='ocrx_word' id='word_1_137' title='bbox 512 1600 619 1652; x_wconf 91' lang='lat' dir='ltr'>quod</span> <span class='ocrx_word' id='word_1_138' title='bbox 643 1602 775 1648; x_wconf 86' lang='lat' dir='ltr'>credo,</span> <span class='ocrx_word' id='word_1_139' title='bbox 796 1609 835 1642; x_wconf 91' lang='lat' dir='ltr'>et</span> <span class='ocrx_word' id='word_1_140' title='bbox 854 1602 962 1654; x_wconf 88' lang='lat' dir='ltr'>quod</span> <span class='ocrx_word' id='word_1_141' title='bbox 994 1603 1121 1643; x_wconf 89' lang='lat' dir='ltr'>credis</span> <span class='ocrx_word' id='word_1_142' title='bbox 1150 1603 1317 1650; x_wconf 87' lang='lat' dir='ltr'>irrisero,</span> 
     </span>
     <span class='ocr_line' id='line_1_25' title="bbox 399 1654 1319 1713; baseline 0.007 -20"><span class='ocrx_word' id='word_1_143' title='bbox 399 1654 495 1705; x_wconf 89' lang='lat' dir='ltr'>quid</span> <span class='ocrx_word' id='word_1_144' title='bbox 518 1662 634 1708; x_wconf 91' lang='lat' dir='ltr'>putas</span> <span class='ocrx_word' id='word_1_145' title='bbox 649 1657 762 1697; x_wconf 90' lang='lat' dir='ltr'>nobis</span> <span class='ocrx_word' id='word_1_146' title='bbox 777 1671 861 1698; x_wconf 90' lang='lat' dir='ltr'>esse</span> <span class='ocrx_word' id='word_1_147' title='bbox 876 1658 1161 1711; x_wconf 81' lang='lat' dir='ltr'>judicandum,</span> <span class='ocrx_word' id='word_1_148' title='bbox 1174 1660 1319 1713; x_wconf 91' lang='lat' dir='ltr'>quidve</span> 
     </span>
     <span class='ocr_line' id='line_1_26' title="bbox 399 1708 1316 1769; baseline 0.008 -21"><span class='ocrx_word' id='word_1_149' title='bbox 399 1708 644 1758; x_wconf 88' lang='lat' dir='ltr'>faciendum,</span> <span class='ocrx_word' id='word_1_150' title='bbox 665 1712 739 1751; x_wconf 87' lang='lat' dir='ltr'>nisi</span> <span class='ocrx_word' id='word_1_151' title='bbox 767 1720 812 1752; x_wconf 91' lang='lat' dir='ltr'>ut</span> <span class='ocrx_word' id='word_1_152' title='bbox 840 1727 906 1753; x_wconf 90' lang='lat' dir='ltr'>eos</span> <span class='ocrx_word' id='word_1_153' title='bbox 937 1714 1224 1768; x_wconf 80' lang='lat' dir='ltr'>relinquamus,</span> <span class='ocrx_word' id='word_1_154' title='bbox 1246 1717 1316 1769; x_wconf 91' lang='lat' dir='ltr'>qui</span> 
     </span>
     <span class='ocr_line' id='line_1_27' title="bbox 399 1765 1318 1824; baseline 0.009 -21"><span class='ocrx_word' id='word_1_155' title='bbox 399 1778 472 1804; x_wconf 92' lang='lat' dir='ltr'>nos</span> <span class='ocrx_word' id='word_1_156' title='bbox 504 1765 672 1806; x_wconf 84' lang='lat' dir='ltr'>invitant</span> <span class='ocrx_word' id='word_1_157' title='bbox 702 1776 809 1808; x_wconf 87' lang='lat' dir='ltr'>certa</span> <span class='ocrx_word' id='word_1_158' title='bbox 834 1783 1087 1823; x_wconf 84' lang='lat' dir='ltr'>cognoscere,</span> <span class='ocrx_word' id='word_1_159' title='bbox 1111 1778 1152 1810; x_wconf 89' lang='lat' dir='ltr'>et</span> <span class='ocrx_word' id='word_1_160' title='bbox 1181 1779 1318 1824; x_wconf 89' lang='lat' dir='ltr'>postea</span> 
     </span>
     <span class='ocr_line' id='line_1_28' title="bbox 398 1820 1318 1874; baseline 0.008 -15"><span class='ocrx_word' id='word_1_161' title='bbox 398 1820 600 1874; x_wconf 84' lang='lat' dir='ltr'>imperant</span> <span class='ocrx_word' id='word_1_162' title='bbox 639 1830 683 1862; x_wconf 89' lang='lat' dir='ltr'>ut</span> <span class='ocrx_word' id='word_1_163' title='bbox 719 1823 872 1864; x_wconf 86' lang='lat' dir='ltr'>incerta</span> <span class='ocrx_word' id='word_1_164' title='bbox 907 1826 1134 1872; x_wconf 84' lang='lat' dir='ltr'>credamus,</span> <span class='ocrx_word' id='word_1_165' title='bbox 1172 1834 1212 1866; x_wconf 90' lang='lat' dir='ltr'>et</span> <span class='ocrx_word' id='word_1_166' title='bbox 1250 1840 1318 1866; x_wconf 87' lang='lat' dir='ltr'>eos</span> 
     </span>
     <span class='ocr_line' id='line_1_29' title="bbox 399 1879 1317 1935; baseline 0.008 -20"><span class='ocrx_word' id='word_1_167' title='bbox 399 1888 629 1930; x_wconf 89' lang='lat' dir='ltr'>sequamur,</span> <span class='ocrx_word' id='word_1_168' title='bbox 650 1879 719 1933; x_wconf 90' lang='lat' dir='ltr'>qui</span> <span class='ocrx_word' id='word_1_169' title='bbox 741 1894 810 1919; x_wconf 92' lang='lat' dir='ltr'>nos</span> <span class='ocrx_word' id='word_1_170' title='bbox 829 1880 1001 1920; x_wconf 84' lang='lat' dir='ltr'>invitant</span> <span class='ocrx_word' id='word_1_171' title='bbox 1023 1881 1130 1935; x_wconf 86' lang='lat' dir='ltr'>prius</span> <span class='ocrx_word' id='word_1_172' title='bbox 1157 1883 1317 1923; x_wconf 90' lang='lat' dir='ltr'>credere</span> 
     </span>
     <span class='ocr_line' id='line_1_30' title="bbox 398 1933 1317 1992; baseline 0.008 -21"><span class='ocrx_word' id='word_1_173' title='bbox 398 1933 506 1985; x_wconf 90' lang='lat' dir='ltr'>quod</span> <span class='ocrx_word' id='word_1_174' title='bbox 542 1935 722 1975; x_wconf 89' lang='lat' dir='ltr'>nondum</span> <span class='ocrx_word' id='word_1_175' title='bbox 756 1936 938 1976; x_wconf 90' lang='lat' dir='ltr'>valemus</span> <span class='ocrx_word' id='word_1_176' title='bbox 967 1937 1127 1984; x_wconf 89' lang='lat' dir='ltr'>intueri,</span> <span class='ocrx_word' id='word_1_177' title='bbox 1156 1944 1202 1978; x_wconf 88' lang='lat' dir='ltr'>ut</span> <span class='ocrx_word' id='word_1_178' title='bbox 1229 1938 1317 1992; x_wconf 87' lang='lat' dir='ltr'>ipsa</span> 
     </span>
     <span class='ocr_line' id='line_1_31' title="bbox 398 1988 1315 2046; baseline 0.008 -20"><span class='ocrx_word' id='word_1_179' title='bbox 398 1988 476 2027; x_wconf 89' lang='lat' dir='ltr'>fide</span> <span class='ocrx_word' id='word_1_180' title='bbox 507 1990 742 2032; x_wconf 85' lang='lat' dir='ltr'>valentiores</span> <span class='ocrx_word' id='word_1_181' title='bbox 767 1991 859 2031; x_wconf 89' lang='lat' dir='ltr'>facti</span> <span class='ocrx_word' id='word_1_182' title='bbox 889 1994 996 2046; x_wconf 93' lang='lat' dir='ltr'>quod</span> <span class='ocrx_word' id='word_1_183' title='bbox 1027 1993 1227 2033; x_wconf 88' lang='lat' dir='ltr'>credimus</span> <span class='ocrx_word' id='word_1_184' title='bbox 1256 1994 1315 2033; x_wconf 89' lang='lat' dir='ltr'>in-</span> 
     </span>
     <span class='ocr_line' id='line_1_32' title="bbox 396 2044 1316 2102; baseline 0.009 -20"><span class='ocrx_word' id='word_1_185' title='bbox 396 2044 579 2097; x_wconf 87' lang='lat' dir='ltr'>telligere</span> <span class='ocrx_word' id='word_1_186' title='bbox 599 2050 836 2096; x_wconf 77' lang='lat' dir='ltr'>mereamur,</span> <span class='ocrx_word' id='word_1_187' title='bbox 857 2061 937 2087; x_wconf 91' lang='lat' dir='ltr'>non</span> <span class='ocrx_word' id='word_1_188' title='bbox 962 2049 1047 2102; x_wconf 89' lang='lat' dir='ltr'>jam</span> <span class='ocrx_word' id='word_1_189' title='bbox 1074 2048 1316 2098; x_wconf 86' lang='lat' dir='ltr'>hominibus,</span> 
     </span>
     <span class='ocr_line' id='line_1_33' title="bbox 397 2099 1318 2155; baseline 0.007 -17"><span class='ocrx_word' id='word_1_190' title='bbox 397 2099 466 2139; x_wconf 88' lang='lat' dir='ltr'>sed</span> <span class='ocrx_word' id='word_1_191' title='bbox 489 2102 573 2155; x_wconf 89' lang='lat' dir='ltr'>ipso</span> <span class='ocrx_word' id='word_1_192' title='bbox 594 2103 684 2142; x_wconf 93' lang='lat' dir='ltr'>Deo</span> <span class='ocrx_word' id='word_1_193' title='bbox 706 2103 938 2144; x_wconf 86' lang='lat' dir='ltr'>intrinsecus</span> <span class='ocrx_word' id='word_1_194' title='bbox 956 2111 1126 2144; x_wconf 83' lang='lat' dir='ltr'>mentem</span> <span class='ocrx_word' id='word_1_195' title='bbox 1145 2112 1318 2145; x_wconf 88' lang='lat' dir='ltr'>nostram</span> 
     </span>
     <span class='ocr_line' id='line_1_34' title="bbox 396 2154 1312 2214; baseline 0.007 -20"><span class='ocrx_word' id='word_1_196' title='bbox 396 2154 649 2198; x_wconf 85' lang='lat' dir='ltr'>illuminante</span> <span class='ocrx_word' id='word_1_197' title='bbox 669 2166 790 2212; x_wconf 88' lang='lat' dir='ltr'>atque</span> <span class='ocrx_word' id='word_1_198' title='bbox 806 2160 1016 2199; x_wconf 66' lang='lat' dir='ltr'>firmante?</span> <span class='ocrx_word' id='word_1_199' title='bbox 1061 2161 1111 2200; x_wconf 84' lang='lat' dir='ltr'>Et</span> <span class='ocrx_word' id='word_1_200' title='bbox 1124 2160 1312 2214; x_wconf 87' lang='lat' dir='ltr'>quoniam</span> 
     </span>
     <span class='ocr_line' id='line_1_35' title="bbox 396 2212 1314 2270; baseline 0.007 -20"><span class='ocrx_word' id='word_1_201' title='bbox 396 2212 560 2264; x_wconf 85' lang='lat' dir='ltr'>quaesivi</span> <span class='ocrx_word' id='word_1_202' title='bbox 590 2215 696 2254; x_wconf 90' lang='lat' dir='ltr'>unde</span> <span class='ocrx_word' id='word_1_203' title='bbox 730 2214 826 2254; x_wconf 88' lang='lat' dir='ltr'>mihi</span> <span class='ocrx_word' id='word_1_204' title='bbox 856 2216 1011 2269; x_wconf 89' lang='lat' dir='ltr'>probet,</span> <span class='ocrx_word' id='word_1_205' title='bbox 1041 2229 1147 2256; x_wconf 87' lang='lat' dir='ltr'>nunc</span> <span class='ocrx_word' id='word_1_206' title='bbox 1178 2230 1314 2270; x_wconf 86' lang='lat' dir='ltr'>quaero</span> 
     </span>
     <span class='ocr_line' id='line_1_36' title="bbox 396 2268 1314 2323; baseline 0.007 -17"><span class='ocrx_word' id='word_1_207' title='bbox 396 2268 503 2307; x_wconf 91' lang='lat' dir='ltr'>unde</span> <span class='ocrx_word' id='word_1_208' title='bbox 521 2268 607 2323; x_wconf 89' lang='lat' dir='ltr'>ipse</span> <span class='ocrx_word' id='word_1_209' title='bbox 627 2270 868 2322; x_wconf 82' lang='lat' dir='ltr'>cognoverit.</span> <span class='ocrx_word' id='word_1_210' title='bbox 925 2271 967 2310; x_wconf 87' lang='lat' dir='ltr'>Si</span> <span class='ocrx_word' id='word_1_211' title='bbox 988 2272 1082 2311; x_wconf 92' lang='lat' dir='ltr'>dicit</span> <span class='ocrx_word' id='word_1_212' title='bbox 1102 2272 1176 2311; x_wconf 86' lang='lat' dir='ltr'>sibi</span> <span class='ocrx_word' id='word_1_213' title='bbox 1203 2285 1314 2312; x_wconf 86' lang='lat' dir='ltr'>reve·</span> 
     </span>
     <span class='ocr_line' id='line_1_37' title="bbox 394 2322 1314 2382; baseline 0.008 -21"><span class='ocrx_word' id='word_1_214' title='bbox 394 2322 521 2362; x_wconf 87' lang='lat' dir='ltr'>latum</span> <span class='ocrx_word' id='word_1_215' title='bbox 543 2337 566 2363; x_wconf 89' lang='lat' dir='ltr'>a</span> <span class='ocrx_word' id='word_1_216' title='bbox 587 2325 733 2379; x_wconf 84' lang='lat' dir='ltr'>Spiritu</span> <span class='ocrx_word' id='word_1_217' title='bbox 755 2327 916 2371; x_wconf 86' lang='lat' dir='ltr'>Sancto,</span> <span class='ocrx_word' id='word_1_218' title='bbox 930 2340 1123 2382; x_wconf 86' lang='lat' dir='ltr'>suamque</span> <span class='ocrx_word' id='word_1_219' title='bbox 1140 2335 1314 2368; x_wconf 88' lang='lat' dir='ltr'>mentem</span> 
     </span>
     <span class='ocr_line' id='line_1_38' title="bbox 395 2378 1312 2436; baseline 0.005 -18"><span class='ocrx_word' id='word_1_220' title='bbox 395 2378 584 2420; x_wconf 75' lang='lat' dir='ltr'>divinitus</span> <span class='ocrx_word' id='word_1_221' title='bbox 622 2381 878 2427; x_wconf 80' lang='lat' dir='ltr'>illustratam,</span> <span class='ocrx_word' id='word_1_222' title='bbox 918 2390 962 2422; x_wconf 92' lang='lat' dir='ltr'>ut</span> <span class='ocrx_word' id='word_1_223' title='bbox 1000 2397 1048 2422; x_wconf 88' lang='lat' dir='ltr'>ea</span> <span class='ocrx_word' id='word_1_224' title='bbox 1086 2397 1175 2436; x_wconf 86' lang='lat' dir='ltr'>quae</span> <span class='ocrx_word' id='word_1_225' title='bbox 1215 2384 1312 2423; x_wconf 87' lang='lat' dir='ltr'>dicit</span> 
     </span>
     <span class='ocr_line' id='line_1_39' title="bbox 396 2437 1313 2493; baseline 0.007 -20"><span class='ocrx_word' id='word_1_226' title='bbox 396 2442 504 2474; x_wconf 87' lang='lat' dir='ltr'>certa</span> <span class='ocrx_word' id='word_1_227' title='bbox 531 2443 569 2475; x_wconf 91' lang='lat' dir='ltr'>et</span> <span class='ocrx_word' id='word_1_228' title='bbox 600 2437 810 2478; x_wconf 85' lang='lat' dir='ltr'>manifesta</span> <span class='ocrx_word' id='word_1_229' title='bbox 834 2446 1103 2491; x_wconf 84' lang='lat' dir='ltr'>cognosceret,</span> <span class='ocrx_word' id='word_1_230' title='bbox 1125 2440 1208 2493; x_wconf 89' lang='lat' dir='ltr'>ipse</span> <span class='ocrx_word' id='word_1_231' title='bbox 1234 2439 1313 2492; x_wconf 87' lang='lat' dir='ltr'>sig·</span> 
     </span>
     <span class='ocr_line' id='line_1_40' title="bbox 394 2489 1315 2548; baseline 0.007 -19"><span class='ocrx_word' id='word_1_232' title='bbox 394 2489 534 2531; x_wconf 78' lang='lat' dir='ltr'>nificat</span> <span class='ocrx_word' id='word_1_233' title='bbox 568 2493 664 2546; x_wconf 92' lang='lat' dir='ltr'>quid</span> <span class='ocrx_word' id='word_1_234' title='bbox 699 2493 847 2534; x_wconf 88' lang='lat' dir='ltr'>intersit</span> <span class='ocrx_word' id='word_1_235' title='bbox 875 2494 974 2533; x_wconf 88' lang='lat' dir='ltr'>inter</span> <span class='ocrx_word' id='word_1_236' title='bbox 1004 2508 1242 2548; x_wconf 87' lang='lat' dir='ltr'>cognoscere</span> <span class='ocrx_word' id='word_1_237' title='bbox 1275 2502 1315 2535; x_wconf 89' lang='lat' dir='ltr'>et</span> 
     </span>
     <span class='ocr_line' id='line_1_41' title="bbox 394 2547 1310 2604; baseline 0.007 -19"><span class='ocrx_word' id='word_1_238' title='bbox 394 2547 570 2587; x_wconf 89' lang='lat' dir='ltr'>credere.</span> <span class='ocrx_word' id='word_1_239' title='bbox 629 2550 722 2604; x_wconf 87' lang='lat' dir='ltr'>Ipse</span> <span class='ocrx_word' id='word_1_240' title='bbox 742 2550 848 2589; x_wconf 91' lang='lat' dir='ltr'>enim</span> <span class='ocrx_word' id='word_1_241' title='bbox 880 2551 1093 2603; x_wconf 84' lang='lat' dir='ltr'>cognoscit,</span> <span class='ocrx_word' id='word_1_242' title='bbox 1113 2550 1180 2590; x_wconf 88' lang='grc'><strong>0111</strong></span> <span class='ocrx_word' id='word_1_243' title='bbox 1198 2564 1310 2604; x_wconf 87' lang='lat' dir='ltr'>aper-</span> 
     </span>
     <span class='ocr_line' id='line_1_42' title="bbox 393 2601 1315 2660; baseline 0.007 -19"><span class='ocrx_word' id='word_1_244' title='bbox 393 2601 540 2644; x_wconf 85' lang='lat' dir='ltr'>tissime</span> <span class='ocrx_word' id='word_1_245' title='bbox 555 2603 630 2643; x_wconf 89' lang='lat' dir='ltr'>ista</span> <span class='ocrx_word' id='word_1_246' title='bbox 644 2612 911 2645; x_wconf 84' lang='lat' dir='ltr'>monstrantur</span> <span class='ocrx_word' id='word_1_247' title='bbox 926 2621 935 2652; x_wconf 85' lang='lat'><em>;</em></span> <span class='ocrx_word' id='word_1_248' title='bbox 952 2606 1008 2646; x_wconf 86' lang='lat' dir='ltr'>eis</span> <span class='ocrx_word' id='word_1_249' title='bbox 1024 2613 1155 2646; x_wconf 89' lang='lat' dir='ltr'>autem</span> <span class='ocrx_word' id='word_1_250' title='bbox 1168 2607 1315 2660; x_wconf 89' lang='lat' dir='ltr'>quibus</span> 
     </span>
     <span class='ocr_line' id='line_1_43' title="bbox 394 2657 1313 2714; baseline 0.005 -17"><span class='ocrx_word' id='word_1_251' title='bbox 394 2657 483 2698; x_wconf 89' lang='lat' dir='ltr'>haec</span> <span class='ocrx_word' id='word_1_252' title='bbox 524 2667 673 2708; x_wconf 89' lang='lat' dir='ltr'>narrat,</span> <span class='ocrx_word' id='word_1_253' title='bbox 705 2675 785 2701; x_wconf 91' lang='lat' dir='ltr'>non</span> <span class='ocrx_word' id='word_1_254' title='bbox 821 2661 1089 2714; x_wconf 87' lang='lat' dir='ltr'>cognitionem</span> <span class='ocrx_word' id='word_1_255' title='bbox 1121 2662 1313 2707; x_wconf 81' lang='lat' dir='ltr'>insinuat,</span> 
     </span>
     <span class='ocr_line' id='line_1_44' title="bbox 393 2714 1312 2771; baseline 0.005 -18"><span class='ocrx_word' id='word_1_256' title='bbox 393 2714 463 2753; x_wconf 90' lang='lat' dir='ltr'>sed</span> <span class='ocrx_word' id='word_1_257' title='bbox 497 2715 771 2756; x_wconf 85' lang='lat' dir='ltr'>credulitatem</span> <span class='ocrx_word' id='word_1_258' title='bbox 807 2718 958 2757; x_wconf 87' lang='lat' dir='ltr'>suadet.</span> <span class='ocrx_word' id='word_1_259' title='bbox 1019 2717 1098 2758; x_wconf 90' lang='lat' dir='ltr'>Cui</span> <span class='ocrx_word' id='word_1_260' title='bbox 1133 2718 1312 2771; x_wconf 85' lang='lat' dir='ltr'>quisquis</span> 
     </span>
     <span class='ocr_line' id='line_1_45' title="bbox 393 2773 1311 2823; baseline 0.004 -15"><span class='ocrx_word' id='word_1_261' title='bbox 393 2775 540 2810; x_wconf 88' lang='lat' dir='ltr'>temere</span> <span class='ocrx_word' id='word_1_262' title='bbox 569 2773 823 2815; x_wconf 83' lang='lat' dir='ltr'>consenserit,</span> <span class='ocrx_word' id='word_1_263' title='bbox 845 2773 1100 2812; x_wconf 82' lang='lat' dir='ltr'>Manichaeus</span> <span class='ocrx_word' id='word_1_264' title='bbox 1129 2774 1311 2823; x_wconf 85' lang='lat' dir='ltr'>efficitur,</span> 
     </span>
     <span class='ocr_line' id='line_1_46' title="bbox 393 2828 1311 2880; baseline 0.007 -17"><span class='ocrx_word' id='word_1_265' title='bbox 393 2837 475 2864; x_wconf 91' lang='lat' dir='ltr'>non</span> <span class='ocrx_word' id='word_1_266' title='bbox 507 2834 614 2866; x_wconf 90' lang='lat' dir='ltr'>certa</span> <span class='ocrx_word' id='word_1_267' title='bbox 644 2828 922 2880; x_wconf 88' lang='lat' dir='ltr'>cognoscendo</span> <span class='ocrx_word' id='word_1_268' title='bbox 952 2830 1019 2868; x_wconf 90' lang='lat' dir='ltr'>sed</span> <span class='ocrx_word' id='word_1_269' title='bbox 1046 2828 1196 2869; x_wconf 86' lang='lat' dir='ltr'>incerta</span> <span class='ocrx_word' id='word_1_270' title='bbox 1224 2842 1311 2870; x_wconf 91' lang='lat' dir='ltr'>cre-</span> 
     </span>
     <span class='ocr_line' id='line_1_47' title="bbox 392 2880 1312 2937; baseline 0.005 -18"><span class='ocrx_word' id='word_1_271' title='bbox 392 2880 549 2931; x_wconf 82' lang='lat' dir='ltr'>dendo3</span> <span class='ocrx_word' id='word_1_272' title='bbox 584 2883 723 2935; x_wconf 89' lang='lat' dir='ltr'>quales</span> <span class='ocrx_word' id='word_1_273' title='bbox 751 2897 823 2923; x_wconf 87' lang='lat' dir='ltr'>nos</span> <span class='ocrx_word' id='word_1_274' title='bbox 852 2884 1053 2937; x_wconf 88' lang='lat' dir='ltr'>imperitos</span> <span class='ocrx_word' id='word_1_275' title='bbox 1082 2885 1312 2925; x_wconf 87' lang='lat' dir='ltr'>adolescen-</span> 
     </span>
     <span class='ocr_line' id='line_1_48' title="bbox 392 2935 1311 2993; baseline 0.005 -19"><span class='ocrx_word' id='word_1_276' title='bbox 392 2935 498 2976; x_wconf 93' lang='lat' dir='ltr'>tulos</span> <span class='ocrx_word' id='word_1_277' title='bbox 533 2936 750 2990; x_wconf 87' lang='lat' dir='ltr'>aliquando</span> <span class='ocrx_word' id='word_1_278' title='bbox 787 2940 958 2993; x_wconf 84' lang='lat' dir='ltr'>decepit.</span> <span class='ocrx_word' id='word_1_279' title='bbox 1031 2940 1180 2979; x_wconf 89' lang='lat' dir='ltr'>Debuit</span> <span class='ocrx_word' id='word_1_280' title='bbox 1217 2953 1311 2992; x_wconf 81' lang='lat' dir='ltr'>ergo</span> 
     </span>
     <span class='ocr_line' id='line_1_49' title="bbox 393 2993 1311 3049; baseline 0.003 -18"><span class='ocrx_word' id='word_1_281' title='bbox 393 3004 474 3030; x_wconf 90' lang='lat' dir='ltr'>non</span> <span class='ocrx_word' id='word_1_282' title='bbox 523 2993 639 3033; x_wconf 89' lang='lat' dir='ltr'>nobis</span> <span class='ocrx_word' id='word_1_283' title='bbox 686 2994 866 3048; x_wconf 84' lang='lat' dir='ltr'>polliceri</span> <span class='ocrx_word' id='word_1_284' title='bbox 911 2994 1131 3043; x_wconf 88' lang='lat' dir='ltr'>scientiam,</span> <span class='ocrx_word' id='word_1_285' title='bbox 1181 3008 1311 3049; x_wconf 90' lang='lat' dir='ltr'>neque</span> 
     </span>
     <span class='ocr_line' id='line_1_50' title="bbox 391 3047 1311 3103; baseline 0.004 -17"><span class='ocrx_word' id='word_1_286' title='bbox 391 3047 642 3088; x_wconf 84' lang='lat' dir='ltr'>manifestam</span> <span class='ocrx_word' id='word_1_287' title='bbox 691 3049 970 3103; x_wconf 84' lang='lat' dir='ltr'>cognitionem,</span> <span class='ocrx_word' id='word_1_288' title='bbox 1010 3063 1140 3103; x_wconf 88' lang='lat' dir='ltr'>neque</span> <span class='ocrx_word' id='word_1_289' title='bbox 1179 3051 1230 3090; x_wconf 89' lang='lat' dir='ltr'>ad</span> <span class='ocrx_word' id='word_1_290' title='bbox 1272 3050 1311 3090; x_wconf 87' lang='lat' dir='ltr'>id</span> 
     </span>
     <span class='ocr_line' id='line_1_51' title="bbox 392 3103 1307 3160; baseline 0.003 -17"><span class='ocrx_word' id='word_1_291' title='bbox 392 3104 500 3156; x_wconf 91' lang='lat' dir='ltr'>quod</span> <span class='ocrx_word' id='word_1_292' title='bbox 521 3103 712 3157; x_wconf 79' lang='lat' dir='ltr'>quaeritur</span> <span class='ocrx_word' id='word_1_293' title='bbox 733 3106 816 3144; x_wconf 89' lang='lat' dir='ltr'>sine</span> <span class='ocrx_word' id='word_1_294' title='bbox 835 3105 920 3144; x_wconf 91' lang='grc'><strong>0110</strong></span> <span class='ocrx_word' id='word_1_295' title='bbox 941 3105 1198 3160; x_wconf 88' lang='lat' dir='ltr'>ambiguitate</span> <span class='ocrx_word' id='word_1_296' title='bbox 1218 3119 1307 3160; x_wconf 91' lang='lat' dir='ltr'>per-</span> 
     </span>
     <span class='ocr_line' id='line_1_52' title="bbox 391 3159 1307 3215; baseline 0.005 -18"><span class='ocrx_word' id='word_1_297' title='bbox 391 3159 632 3206; x_wconf 87' lang='lat' dir='ltr'>ventionem,</span> <span class='ocrx_word' id='word_1_298' title='bbox 649 3161 717 3200; x_wconf 89' lang='lat' dir='ltr'>sed</span> <span class='ocrx_word' id='word_1_299' title='bbox 736 3161 868 3200; x_wconf 87' lang='lat' dir='ltr'>dicere</span> <span class='ocrx_word' id='word_1_300' title='bbox 891 3160 1019 3215; x_wconf 87' lang='lat' dir='ltr'>potius</span> <span class='ocrx_word' id='word_1_301' title='bbox 1039 3161 1114 3200; x_wconf 89' lang='lat' dir='ltr'>sibi</span> <span class='ocrx_word' id='word_1_302' title='bbox 1133 3161 1206 3201; x_wconf 89' lang='lat' dir='ltr'>ista</span> <span class='ocrx_word' id='word_1_303' title='bbox 1224 3175 1307 3202; x_wconf 88' lang='lat' dir='ltr'>esse</span> 
     </span>
     <span class='ocr_line' id='line_1_53' title="bbox 391 3215 1307 3270; baseline 0.004 -18"><span class='ocrx_word' id='word_1_304' title='bbox 391 3222 624 3259; x_wconf 83' lang='lat' dir='ltr'>monstrata.</span> <span class='ocrx_word' id='word_1_305' title='bbox 644 3215 736 3256; x_wconf 83' lang='lat' dir='ltr'>illos</span> <span class='ocrx_word' id='word_1_306' title='bbox 763 3224 895 3256; x_wconf 89' lang='lat' dir='ltr'>autem</span> <span class='ocrx_word' id='word_1_307' title='bbox 922 3215 1069 3270; x_wconf 86' lang='lat' dir='ltr'>quibus</span> <span class='ocrx_word' id='word_1_308' title='bbox 1094 3224 1307 3256; x_wconf 85' lang='lat' dir='ltr'>narrantur</span> 
     </span>
     <span class='ocr_line' id='line_1_54' title="bbox 392 3270 1306 3325; baseline 0.002 -15"><span class='ocrx_word' id='word_1_309' title='bbox 392 3271 553 3311; x_wconf 89' lang='lat' dir='ltr'>credere</span> <span class='ocrx_word' id='word_1_310' title='bbox 572 3270 648 3311; x_wconf 91' lang='lat' dir='ltr'>sibi</span> <span class='ocrx_word' id='word_1_311' title='bbox 670 3273 815 3312; x_wconf 92' lang='lat' dir='ltr'>debere</span> <span class='ocrx_word' id='word_1_312' title='bbox 841 3285 933 3325; x_wconf 87' lang='lat' dir='ltr'>quae</span> <span class='ocrx_word' id='word_1_313' title='bbox 965 3271 1162 3312; x_wconf 85' lang='lat' dir='ltr'>nesciunt.</span> <span class='ocrx_word' id='word_1_314' title='bbox 1226 3272 1306 3312; x_wconf 87' lang='lat' dir='ltr'>Sed</span> 
     </span>
     <span class='ocr_line' id='line_1_55' title="bbox 390 3324 1305 3383; baseline 0.003 -18"><span class='ocrx_word' id='word_1_315' title='bbox 390 3324 423 3365; x_wconf 92' lang='lat' dir='ltr'>si</span> <span class='ocrx_word' id='word_1_316' title='bbox 451 3325 527 3366; x_wconf 90' lang='lat' dir='ltr'>hoc</span> <span class='ocrx_word' id='word_1_317' title='bbox 550 3327 714 3373; x_wconf 87' lang='lat' dir='ltr'>diceret,</span> <span class='ocrx_word' id='word_1_318' title='bbox 742 3329 832 3382; x_wconf 91' lang='lat' dir='ltr'>quis</span> <span class='ocrx_word' id='word_1_319' title='bbox 866 3341 946 3367; x_wconf 92' lang='lat' dir='ltr'>non</span> <span class='ocrx_word' id='word_1_320' title='bbox 973 3328 1011 3367; x_wconf 90' lang='lat' dir='ltr'>ei</span> <span class='ocrx_word' id='word_1_321' title='bbox 1038 3328 1305 3383; x_wconf 85' lang='lat' dir='ltr'>responderet,</span> 
     </span>
     <span class='ocr_line' id='line_1_56' title="bbox 391 3381 1306 3437; baseline 0.002 -16"><span class='ocrx_word' id='word_1_322' title='bbox 391 3384 420 3403; x_wconf 91' lang='lat'><em>“</em></span> <span class='ocrx_word' id='word_1_323' title='bbox 447 3381 491 3422; x_wconf 89' lang='lat' dir='ltr'>Si</span> <span class='ocrx_word' id='word_1_324' title='bbox 508 3396 601 3436; x_wconf 87' lang='lat' dir='ltr'>ergo</span> <span class='ocrx_word' id='word_1_325' title='bbox 627 3382 829 3437; x_wconf 87' lang='lat' dir='ltr'>incognita</span> <span class='ocrx_word' id='word_1_326' title='bbox 861 3382 1083 3424; x_wconf 89' lang='lat' dir='ltr'>crediturus</span> <span class='ocrx_word' id='word_1_327' title='bbox 1111 3397 1214 3432; x_wconf 89' lang='lat' dir='ltr'>sum,</span> <span class='ocrx_word' id='word_1_328' title='bbox 1234 3398 1306 3424; x_wconf 90' lang='lat' dir='ltr'>cur</span> 
     </span>
     <span class='ocr_line' id='line_1_57' title="bbox 390 3438 1305 3494; baseline 0.003 -18"><span class='ocrx_word' id='word_1_329' title='bbox 390 3449 471 3476; x_wconf 89' lang='lat' dir='ltr'>non</span> <span class='ocrx_word' id='word_1_330' title='bbox 505 3451 555 3477; x_wconf 89' lang='lat' dir='ltr'>ea</span> <span class='ocrx_word' id='word_1_331' title='bbox 590 3438 719 3492; x_wconf 90' lang='lat' dir='ltr'>potius</span> <span class='ocrx_word' id='word_1_332' title='bbox 750 3440 929 3487; x_wconf 88' lang='lat' dir='ltr'>credam,</span> <span class='ocrx_word' id='word_1_333' title='bbox 963 3452 1055 3492; x_wconf 86' lang='lat' dir='ltr'>quae</span> <span class='ocrx_word' id='word_1_334' title='bbox 1089 3439 1177 3494; x_wconf 87' lang='lat' dir='ltr'>jam</span> <span class='ocrx_word' id='word_1_335' title='bbox 1209 3453 1305 3479; x_wconf 90' lang='lat' dir='ltr'>con-</span> 
     </span>
     <span class='ocr_line' id='line_1_58' title="bbox 388 3492 1302 3549; baseline 0.003 -17"><span class='ocrx_word' id='word_1_336' title='bbox 388 3492 569 3533; x_wconf 88' lang='lat' dir='ltr'>sensione</span> <span class='ocrx_word' id='word_1_337' title='bbox 597 3495 804 3534; x_wconf 89' lang='lat' dir='ltr'>doctorum</span> <span class='ocrx_word' id='word_1_338' title='bbox 841 3495 1170 3549; x_wconf 88' lang='lat' dir='ltr'>indoctorumque</span> <span class='ocrx_word' id='word_1_339' title='bbox 1198 3494 1302 3536; x_wconf 88' lang='lat' dir='ltr'>cele-</span> 
     </span>
     <span class='ocr_line' id='line_1_59' title="bbox 388 3547 1304 3604; baseline 0.005 -18"><span class='ocrx_word' id='word_1_340' title='bbox 388 3547 568 3593; x_wconf 89' lang='lat' dir='ltr'>brantur,</span> <span class='ocrx_word' id='word_1_341' title='bbox 581 3557 621 3590; x_wconf 87' lang='lat' dir='ltr'>et</span> <span class='ocrx_word' id='word_1_342' title='bbox 635 3563 706 3604; x_wconf 89' lang='lat' dir='ltr'>per</span> <span class='ocrx_word' id='word_1_343' title='bbox 724 3563 862 3590; x_wconf 89' lang='lat' dir='ltr'>omnes</span> <span class='ocrx_word' id='word_1_344' title='bbox 883 3550 1053 3604; x_wconf 89' lang='lat' dir='ltr'>populos</span> <span class='ocrx_word' id='word_1_345' title='bbox 1071 3549 1304 3603; x_wconf 86' lang='lat' dir='ltr'>gravissima</span> 
     </span>
     <span class='ocr_line' id='line_1_60' title="bbox 388 3604 1304 3647; baseline 0.005 -5"><span class='ocrx_word' id='word_1_346' title='bbox 388 3604 622 3645; x_wconf 88' lang='lat' dir='ltr'>auctoritate</span> <span class='ocrx_word' id='word_1_347' title='bbox 642 3605 800 3645; x_wconf 89' lang='lat' dir='ltr'>firmata</span> <span class='ocrx_word' id='word_1_348' title='bbox 825 3607 974 3646; x_wconf 68' lang='lat' dir='ltr'>sune’t</span> <span class='ocrx_word' id='word_1_349' title='bbox 1028 3605 1115 3646; x_wconf 89' lang='lat' dir='ltr'>Hoc</span> <span class='ocrx_word' id='word_1_350' title='bbox 1130 3606 1201 3647; x_wconf 89' lang='lat' dir='ltr'>ille</span> <span class='ocrx_word' id='word_1_351' title='bbox 1221 3620 1304 3647; x_wconf 89' lang='lat' dir='ltr'>me-</span> 
     </span>
     <span class='ocr_line' id='line_1_61' title="bbox 387 3660 1307 3707; baseline 0.007 -10"><span class='ocrx_word' id='word_1_352' title='bbox 387 3663 503 3698; x_wconf 89' lang='lat' dir='ltr'>tuens</span> <span class='ocrx_word' id='word_1_353' title='bbox 531 3673 582 3700; x_wconf 91' lang='grc'>110</span> <span class='ocrx_word' id='word_1_354' title='bbox 613 3660 688 3701; x_wconf 90' lang='lat' dir='ltr'>sibi</span> <span class='ocrx_word' id='word_1_355' title='bbox 711 3661 924 3707; x_wconf 88' lang='lat' dir='ltr'>diceretur,</span> <span class='ocrx_word' id='word_1_356' title='bbox 949 3661 1118 3702; x_wconf 86' lang='lat' dir='ltr'>offundit</span> <span class='ocrx_word' id='word_1_357' title='bbox 1137 3661 1307 3703; x_wconf 86' lang='lat' dir='ltr'>nebulas</span> 
     </span>
     <span class='ocr_line' id='line_1_62' title="bbox 386 3711 1306 3771; baseline 0.007 -20"><span class='ocrx_word' id='word_1_358' title='bbox 386 3711 590 3767; x_wconf 86' lang='lat' dir='ltr'>imperitis,</span> <span class='ocrx_word' id='word_1_359' title='bbox 603 3716 729 3770; x_wconf 87' lang='lat' dir='ltr'>primo</span> <span class='ocrx_word' id='word_1_360' title='bbox 748 3716 944 3771; x_wconf 89' lang='lat' dir='ltr'>pollicens</span> <span class='ocrx_word' id='word_1_361' title='bbox 963 3730 1092 3757; x_wconf 88' lang='lat' dir='ltr'>rerum</span> <span class='ocrx_word' id='word_1_362' title='bbox 1108 3724 1306 3759; x_wconf 86' lang='lat' dir='ltr'>certarum</span> 
     </span>
     <span class='ocr_line' id='line_1_63' title="bbox 385 3768 1307 3829; baseline 0.004 -19"><span class='ocrx_word' id='word_1_363' title='bbox 385 3768 666 3823; x_wconf 84' lang='lat' dir='ltr'>cognitionem,</span> <span class='ocrx_word' id='word_1_364' title='bbox 687 3778 728 3812; x_wconf 88' lang='lat' dir='ltr'>et</span> <span class='ocrx_word' id='word_1_365' title='bbox 746 3779 884 3827; x_wconf 86' lang='lat' dir='ltr'>postea</span> <span class='ocrx_word' id='word_1_366' title='bbox 908 3771 1150 3814; x_wconf 87' lang='lat' dir='ltr'>incertarum</span> <span class='ocrx_word' id='word_1_367' title='bbox 1179 3772 1307 3829; x_wconf 86' lang='lat' dir='ltr'>impe-</span> 
     </span>
    </p>
   </div>
   <div class='ocr_carea' id='block_1_8' title="bbox 1359 1047 2299 3829">
    <p class='ocr_par' dir='ltr' id='par_1_8' title="bbox 1372 1047 2299 2104">
     <span class='ocr_line' id='line_1_64' title="bbox 1379 1047 2299 1100; baseline 0.004 -14"><span class='ocrx_word' id='word_1_368' title='bbox 1379 1058 1472 1087; x_wconf 86' lang='lat' dir='ltr'>rans</span> <span class='ocrx_word' id='word_1_369' title='bbox 1491 1047 1625 1087; x_wconf 90' lang='lat' dir='ltr'>fidem.</span> <span class='ocrx_word' id='word_1_370' title='bbox 1684 1048 1764 1089; x_wconf 92' lang='lat' dir='ltr'>Cui</span> <span class='ocrx_word' id='word_1_371' title='bbox 1798 1055 1934 1089; x_wconf 84' lang='lat' dir='ltr'>tamen</span> <span class='ocrx_word' id='word_1_372' title='bbox 1964 1049 1996 1089; x_wconf 89' lang='lat' dir='ltr'>si</span> <span class='ocrx_word' id='word_1_373' title='bbox 2022 1049 2098 1090; x_wconf 86' lang='lat' dir='ltr'>hoc</span> <span class='ocrx_word' id='word_1_374' title='bbox 2129 1050 2299 1100; x_wconf 88' lang='lat' dir='ltr'>dicatur,</span> 
     </span>
     <span class='ocr_line' id='line_1_65' title="bbox 1379 1102 2299 1147; baseline 0.007 -6"><span class='ocrx_word' id='word_1_375' title='bbox 1379 1108 1423 1141; x_wconf 90' lang='lat' dir='ltr'>ut</span> <span class='ocrx_word' id='word_1_376' title='bbox 1440 1102 1582 1142; x_wconf 89' lang='lat' dir='ltr'>saltem</span> <span class='ocrx_word' id='word_1_377' title='bbox 1604 1103 1666 1143; x_wconf 90' lang='lat' dir='ltr'>vel</span> <span class='ocrx_word' id='word_1_378' title='bbox 1687 1104 1762 1144; x_wconf 88' lang='lat' dir='ltr'>sibi</span> <span class='ocrx_word' id='word_1_379' title='bbox 1782 1104 1872 1144; x_wconf 86' lang='lat' dir='ltr'>haec</span> <span class='ocrx_word' id='word_1_380' title='bbox 1901 1106 2044 1145; x_wconf 89' lang='lat' dir='ltr'>doceat</span> <span class='ocrx_word' id='word_1_381' title='bbox 2071 1119 2154 1146; x_wconf 80' lang='lat' dir='ltr'>esse</span> <span class='ocrx_word' id='word_1_382' title='bbox 2183 1120 2299 1147; x_wconf 86' lang='lat' dir='ltr'>mon-</span> 
     </span>
     <span class='ocr_line' id='line_1_66' title="bbox 1377 1157 2298 1215; baseline 0.005 -19"><span class='ocrx_word' id='word_1_383' title='bbox 1377 1164 1516 1206; x_wconf 89' lang='lat' dir='ltr'>strata,</span> <span class='ocrx_word' id='word_1_384' title='bbox 1534 1157 1714 1199; x_wconf 88' lang='lat' dir='ltr'>similiter</span> <span class='ocrx_word' id='word_1_385' title='bbox 1731 1160 1882 1206; x_wconf 85' lang='lat' dir='ltr'>deficit,</span> <span class='ocrx_word' id='word_1_386' title='bbox 1903 1167 1943 1200; x_wconf 90' lang='lat' dir='ltr'>et</span> <span class='ocrx_word' id='word_1_387' title='bbox 1961 1160 2037 1200; x_wconf 92' lang='lat' dir='ltr'>hoc</span> <span class='ocrx_word' id='word_1_388' title='bbox 2065 1175 2226 1215; x_wconf 90' lang='lat' dir='ltr'>quoque</span> <span class='ocrx_word' id='word_1_389' title='bbox 2255 1169 2298 1202; x_wconf 88' lang='lat' dir='ltr'>ut</span> 
     </span>
     <span class='ocr_line' id='line_1_67' title="bbox 1377 1213 2299 1270; baseline 0.005 -18"><span class='ocrx_word' id='word_1_390' title='bbox 1377 1213 1589 1254; x_wconf 79' lang='lat' dir='ltr'>credamus</span> <span class='ocrx_word' id='word_1_391' title='bbox 1614 1215 1744 1266; x_wconf 91' lang='lat' dir='ltr'>jubet.</span> <span class='ocrx_word' id='word_1_392' title='bbox 1806 1216 1914 1270; x_wconf 85' lang='lat' dir='ltr'>Aug.</span> <span class='ocrx_word' id='word_1_393' title='bbox 1941 1230 1978 1256; x_wconf 92' lang='lat' dir='ltr'>c.</span> <span class='ocrx_word' id='word_1_394' title='bbox 2003 1218 2078 1270; x_wconf 91' lang='lat' dir='ltr'>Ep.</span> <span class='ocrx_word' id='word_1_395' title='bbox 2106 1217 2299 1259; x_wconf 84' lang='lat' dir='ltr'>Manich.</span> 
     </span>
     <span class='ocr_line' id='line_1_68' title="bbox 1378 1268 2296 1324; baseline 0.005 -16"><span class='ocrx_word' id='word_1_396' title='bbox 1378 1282 1416 1309; x_wconf 94' lang='grc'>0.</span> <span class='ocrx_word' id='word_1_397' title='bbox 1453 1270 1518 1308; x_wconf 90' lang='grc'>14.</span> <span class='ocrx_word' id='word_1_398' title='bbox 1583 1268 1624 1310; x_wconf 89' lang='lat' dir='ltr'>Si</span> <span class='ocrx_word' id='word_1_399' title='bbox 1653 1284 1746 1324; x_wconf 85' lang='lat' dir='ltr'>ergo</span> <span class='ocrx_word' id='word_1_400' title='bbox 1774 1271 1827 1311; x_wconf 90' lang='lat' dir='ltr'>ad</span> <span class='ocrx_word' id='word_1_401' title='bbox 1863 1271 1986 1311; x_wconf 89' lang='lat' dir='ltr'>millia</span> <span class='ocrx_word' id='word_1_402' title='bbox 2021 1272 2296 1313; x_wconf 86' lang='lat' dir='ltr'>fabulosorum</span> 
     </span>
     <span class='ocr_line' id='line_1_69' title="bbox 1378 1324 2297 1381; baseline 0.004 -17"><span class='ocrx_word' id='word_1_403' title='bbox 1378 1324 1718 1379; x_wconf 87' lang='lat' dir='ltr'>phantasmatum.</span> <span class='ocrx_word' id='word_1_404' title='bbox 1737 1334 1776 1367; x_wconf 92' lang='lat' dir='ltr'>te</span> <span class='ocrx_word' id='word_1_405' title='bbox 1797 1327 2026 1367; x_wconf 79' lang='lat' dir='ltr'>auctoritati</span> <span class='ocrx_word' id='word_1_406' title='bbox 2046 1327 2297 1381; x_wconf 62' lang='lat' dir='ltr'>ignotissimae</span> 
     </span>
     <span class='ocr_line' id='line_1_70' title="bbox 1376 1380 2296 1429; baseline 0.007 -9"><span class='ocrx_word' id='word_1_407' title='bbox 1376 1388 1416 1421; x_wconf 90' lang='lat' dir='ltr'>et</span> <span class='ocrx_word' id='word_1_408' title='bbox 1457 1380 1719 1422; x_wconf 65' lang='lat' dir='ltr'>furiosissimae</span> <span class='ocrx_word' id='word_1_409' title='bbox 1755 1382 1979 1429; x_wconf 84' lang='lat' dir='ltr'>subdidisti,</span> <span class='ocrx_word' id='word_1_410' title='bbox 2012 1391 2056 1423; x_wconf 90' lang='lat' dir='ltr'>ut</span> <span class='ocrx_word' id='word_1_411' title='bbox 2085 1384 2173 1424; x_wconf 92' lang='lat' dir='ltr'>ideo</span> <span class='ocrx_word' id='word_1_412' title='bbox 2207 1384 2296 1426; x_wconf 87' lang='lat' dir='ltr'>haec</span> 
     </span>
     <span class='ocr_line' id='line_1_71' title="bbox 1376 1436 2294 1494; baseline 0.004 -19"><span class='ocrx_word' id='word_1_413' title='bbox 1376 1436 1512 1476; x_wconf 87' lang='lat' dir='ltr'>omnia</span> <span class='ocrx_word' id='word_1_414' title='bbox 1543 1438 1736 1484; x_wconf 87' lang='lat' dir='ltr'>crederes,</span> <span class='ocrx_word' id='word_1_415' title='bbox 1765 1437 1861 1492; x_wconf 88' lang='lat' dir='ltr'>quia</span> <span class='ocrx_word' id='word_1_416' title='bbox 1888 1439 1929 1478; x_wconf 91' lang='lat' dir='ltr'>in</span> <span class='ocrx_word' id='word_1_417' title='bbox 1961 1438 2039 1478; x_wconf 87' lang='lat' dir='ltr'>illis</span> <span class='ocrx_word' id='word_1_418' title='bbox 2073 1439 2294 1494; x_wconf 87' lang='lat' dir='ltr'>conscripta</span> 
     </span>
     <span class='ocr_line' id='line_1_72' title="bbox 1376 1493 2295 1547; baseline 0.005 -16"><span class='ocrx_word' id='word_1_419' title='bbox 1376 1499 1470 1531; x_wconf 90' lang='lat' dir='ltr'>sunt</span> <span class='ocrx_word' id='word_1_420' title='bbox 1490 1493 1612 1538; x_wconf 84' lang='lat' dir='ltr'>libris.</span> <span class='ocrx_word' id='word_1_421' title='bbox 1634 1494 1781 1547; x_wconf 90' lang='lat' dir='ltr'>quibus</span> <span class='ocrx_word' id='word_1_422' title='bbox 1808 1494 2023 1534; x_wconf 85' lang='lat' dir='ltr'>miserabili</span> <span class='ocrx_word' id='word_1_423' title='bbox 2054 1509 2182 1535; x_wconf 89' lang='lat' dir='ltr'>errore</span> <span class='ocrx_word' id='word_1_424' title='bbox 2209 1509 2295 1536; x_wconf 90' lang='lat' dir='ltr'>cre-</span> 
     </span>
     <span class='ocr_line' id='line_1_73' title="bbox 1376 1548 2297 1598; baseline 0.004 -11"><span class='ocrx_word' id='word_1_425' title='bbox 1376 1548 1551 1588; x_wconf 86' lang='lat' dir='ltr'>dendum</span> <span class='ocrx_word' id='word_1_426' title='bbox 1594 1562 1677 1589; x_wconf 90' lang='lat' dir='ltr'>esse</span> <span class='ocrx_word' id='word_1_427' title='bbox 1707 1549 1905 1598; x_wconf 87' lang='lat' dir='ltr'>censuisti,</span> <span class='ocrx_word' id='word_1_428' title='bbox 1938 1564 2031 1590; x_wconf 89' lang='lat' dir='ltr'>cum</span> <span class='ocrx_word' id='word_1_429' title='bbox 2070 1550 2143 1590; x_wconf 91' lang='lat' dir='ltr'>tibi</span> <span class='ocrx_word' id='word_1_430' title='bbox 2181 1551 2297 1592; x_wconf 85' lang='lat' dir='ltr'>nulla</span> 
     </span>
     <span class='ocr_line' id='line_1_74' title="bbox 1376 1604 2294 1660; baseline 0.005 -18"><span class='ocrx_word' id='word_1_431' title='bbox 1376 1604 1719 1653; x_wconf 85' lang='lat' dir='ltr'>demonstrentur;</span> <span class='ocrx_word' id='word_1_432' title='bbox 1751 1619 1823 1645; x_wconf 89' lang='lat' dir='ltr'>cur</span> <span class='ocrx_word' id='word_1_433' title='bbox 1844 1619 1923 1645; x_wconf 89' lang='lat' dir='ltr'>non</span> <span class='ocrx_word' id='word_1_434' title='bbox 1949 1605 2080 1660; x_wconf 90' lang='lat' dir='ltr'>potius</span> <span class='ocrx_word' id='word_1_435' title='bbox 2111 1608 2294 1660; x_wconf 88' lang='lat' dir='ltr'>Evange-</span> 
     </span>
     <span class='ocr_line' id='line_1_75' title="bbox 1377 1659 2295 1707; baseline 0.003 -9"><span class='ocrx_word' id='word_1_436' title='bbox 1377 1659 1465 1699; x_wconf 89' lang='lat' dir='ltr'>licae</span> <span class='ocrx_word' id='word_1_437' title='bbox 1487 1660 1727 1707; x_wconf 83' lang='lat' dir='ltr'>auctoritati,</span> <span class='ocrx_word' id='word_1_438' title='bbox 1748 1668 1828 1700; x_wconf 90' lang='lat' dir='ltr'>tam</span> <span class='ocrx_word' id='word_1_439' title='bbox 1850 1661 2043 1707; x_wconf 65' lang='lat' dir='ltr'>fundatae,</span> <span class='ocrx_word' id='word_1_440' title='bbox 2065 1670 2143 1701; x_wconf 91' lang='lat' dir='ltr'>tam</span> <span class='ocrx_word' id='word_1_441' title='bbox 2171 1663 2295 1702; x_wconf 89' lang='lat' dir='ltr'>stabi-</span> 
     </span>
     <span class='ocr_line' id='line_1_76' title="bbox 1373 1714 2293 1770; baseline 0.004 -16"><span class='ocrx_word' id='word_1_442' title='bbox 1373 1714 1474 1759; x_wconf 85' lang='lat' dir='ltr'>litae,</span> <span class='ocrx_word' id='word_1_443' title='bbox 1507 1723 1617 1755; x_wconf 88' lang='lat' dir='ltr'>tanta</span> <span class='ocrx_word' id='word_1_444' title='bbox 1653 1716 1778 1770; x_wconf 87' lang='lat' dir='ltr'>gloria</span> <span class='ocrx_word' id='word_1_445' title='bbox 1813 1717 2044 1763; x_wconf 77' lang='lat' dir='ltr'>diffamatae,</span> <span class='ocrx_word' id='word_1_446' title='bbox 2080 1725 2200 1770; x_wconf 87' lang='lat' dir='ltr'>atque</span> <span class='ocrx_word' id='word_1_447' title='bbox 2241 1719 2293 1759; x_wconf 87' lang='lat' dir='ltr'>ab</span> 
     </span>
     <span class='ocr_line' id='line_1_77' title="bbox 1374 1771 2294 1826; baseline 0.005 -17"><span class='ocrx_word' id='word_1_448' title='bbox 1374 1771 1659 1824; x_wconf 90' lang='lat' dir='ltr'>Apostolorum</span> <span class='ocrx_word' id='word_1_449' title='bbox 1679 1773 1924 1826; x_wconf 88' lang='lat' dir='ltr'>temporibus</span> <span class='ocrx_word' id='word_1_450' title='bbox 1943 1786 2070 1826; x_wconf 91' lang='lat' dir='ltr'>usque</span> <span class='ocrx_word' id='word_1_451' title='bbox 2090 1774 2140 1812; x_wconf 90' lang='lat' dir='ltr'>ad</span> <span class='ocrx_word' id='word_1_452' title='bbox 2160 1780 2294 1814; x_wconf 85' lang='lat' dir='ltr'>nostra</span> 
     </span>
     <span class='ocr_line' id='line_1_78' title="bbox 1374 1827 2294 1881; baseline 0.003 -16"><span class='ocrx_word' id='word_1_453' title='bbox 1374 1833 1552 1880; x_wconf 87' lang='lat' dir='ltr'>tempora</span> <span class='ocrx_word' id='word_1_454' title='bbox 1568 1841 1635 1881; x_wconf 90' lang='lat' dir='ltr'>per</span> <span class='ocrx_word' id='word_1_455' title='bbox 1647 1827 1914 1868; x_wconf 83' lang='lat' dir='ltr'>successiones</span> <span class='ocrx_word' id='word_1_456' title='bbox 1933 1828 2168 1868; x_wconf 84' lang='lat' dir='ltr'>certissimas</span> <span class='ocrx_word' id='word_1_457' title='bbox 2183 1842 2294 1868; x_wconf 92' lang='lat' dir='ltr'>com-</span> 
     </span>
     <span class='ocr_line' id='line_1_79' title="bbox 1375 1882 2295 1930; baseline 0.005 -10"><span class='ocrx_word' id='word_1_458' title='bbox 1375 1882 1590 1929; x_wconf 80' lang='lat' dir='ltr'>mendatae,</span> <span class='ocrx_word' id='word_1_459' title='bbox 1621 1897 1700 1922; x_wconf 89' lang='lat' dir='ltr'>non</span> <span class='ocrx_word' id='word_1_460' title='bbox 1731 1891 1768 1923; x_wconf 83' lang='lat' dir='ltr'>te</span> <span class='ocrx_word' id='word_1_461' title='bbox 1800 1884 1952 1930; x_wconf 82' lang='lat' dir='ltr'>subdis,</span> <span class='ocrx_word' id='word_1_462' title='bbox 1986 1891 2031 1923; x_wconf 91' lang='lat' dir='ltr'>ut</span> <span class='ocrx_word' id='word_1_463' title='bbox 2066 1885 2218 1929; x_wconf 87' lang='lat' dir='ltr'>credas,</span> <span class='ocrx_word' id='word_1_464' title='bbox 2250 1892 2295 1925; x_wconf 90' lang='lat' dir='ltr'>ut</span> 
     </span>
     <span class='ocr_line' id='line_1_80' title="bbox 1372 1937 2291 1993; baseline 0.004 -16"><span class='ocrx_word' id='word_1_465' title='bbox 1372 1937 1521 1984; x_wconf 86' lang='lat' dir='ltr'>videas,</span> <span class='ocrx_word' id='word_1_466' title='bbox 1542 1946 1587 1978; x_wconf 88' lang='lat' dir='ltr'>ut</span> <span class='ocrx_word' id='word_1_467' title='bbox 1605 1939 1735 1979; x_wconf 89' lang='lat' dir='ltr'>diseas</span> <span class='ocrx_word' id='word_1_468' title='bbox 1755 1939 1875 1979; x_wconf 85' lang='lat' dir='ltr'>etiam</span> <span class='ocrx_word' id='word_1_469' title='bbox 1899 1939 2033 1979; x_wconf 85' lang='lat' dir='ltr'>omnia</span> <span class='ocrx_word' id='word_1_470' title='bbox 2054 1939 2122 1978; x_wconf 89' lang='lat' dir='ltr'>illa</span> <span class='ocrx_word' id='word_1_471' title='bbox 2143 1953 2233 1993; x_wconf 87' lang='lat' dir='ltr'>quae</span> <span class='ocrx_word' id='word_1_472' title='bbox 2252 1948 2291 1982; x_wconf 92' lang='lat' dir='ltr'>te</span> 
     </span>
     <span class='ocr_line' id='line_1_81' title="bbox 1374 1992 2292 2049; baseline 0.003 -16"><span class='ocrx_word' id='word_1_473' title='bbox 1374 1992 1594 2043; x_wconf 85' lang='lat' dir='ltr'>offendunt,</span> <span class='ocrx_word' id='word_1_474' title='bbox 1620 2008 1671 2034; x_wconf 86' lang='lat' dir='ltr'>ex</span> <span class='ocrx_word' id='word_1_475' title='bbox 1699 2008 1803 2034; x_wconf 86' lang='lat' dir='ltr'>vana</span> <span class='ocrx_word' id='word_1_476' title='bbox 1829 2002 1869 2035; x_wconf 92' lang='lat' dir='ltr'>et</span> <span class='ocrx_word' id='word_1_477' title='bbox 1893 2008 2075 2049; x_wconf 83' lang='lat' dir='ltr'>perversa</span> <span class='ocrx_word' id='word_1_478' title='bbox 2107 1995 2292 2049; x_wconf 89' lang='lat' dir='ltr'>opinione</span> 
     </span>
     <span class='ocr_line' id='line_1_82' title="bbox 1374 2050 2277 2104; baseline 0.004 -16"><span class='ocrx_word' id='word_1_479' title='bbox 1374 2056 1412 2089; x_wconf 92' lang='lat' dir='ltr'>te</span> <span class='ocrx_word' id='word_1_480' title='bbox 1433 2050 1662 2090; x_wconf 57' lang='lat' dir='ltr'>offenderet</span> <span class='ocrx_word' id='word_1_481' title='bbox 1711 2051 1819 2104; x_wconf 86' lang='lat' dir='ltr'>Aug.</span> <span class='ocrx_word' id='word_1_482' title='bbox 1842 2064 1878 2090; x_wconf 93' lang='grc'>0.</span> <span class='ocrx_word' id='word_1_483' title='bbox 1906 2052 2035 2090; x_wconf 81' lang='lat' dir='ltr'>Faust.</span> <span class='ocrx_word' id='word_1_484' title='bbox 2058 2050 2183 2091; x_wconf 82' lang='lat' dir='ltr'>xxxii.</span> <span class='ocrx_word' id='word_1_485' title='bbox 2213 2053 2277 2093; x_wconf 89' lang='grc'>19.</span> 
     </span>
    </p>

    <p class='ocr_par' dir='ltr' id='par_1_9' title="bbox 1362 2106 2290 3272">
     <span class='ocr_line' id='line_1_83' title="bbox 1430 2106 2290 2159; baseline 0.001 -13"><span class='ocrx_word' id='word_1_486' title='bbox 1430 2110 1450 2142; x_wconf 84' lang='lat' dir='ltr'>g</span> <span class='ocrx_word' id='word_1_487' title='bbox 1484 2106 1761 2159; x_wconf 86' lang='lat' dir='ltr'>Consequetur</span> <span class='ocrx_word' id='word_1_488' title='bbox 1780 2107 1956 2146; x_wconf 85' lang='lat' dir='ltr'>omnium</span> <span class='ocrx_word' id='word_1_489' title='bbox 1979 2107 2167 2146; x_wconf 82' lang='lat' dir='ltr'>librorum</span> <span class='ocrx_word' id='word_1_490' title='bbox 2182 2121 2290 2148; x_wconf 89' lang='lat' dir='ltr'>sum-</span> 
     </span>
     <span class='ocr_line' id='line_1_84' title="bbox 1370 2161 2288 2216; baseline 0.004 -17"><span class='ocrx_word' id='word_1_491' title='bbox 1370 2173 1436 2199; x_wconf 90' lang='lat' dir='ltr'>ma</span> <span class='ocrx_word' id='word_1_492' title='bbox 1468 2162 1677 2215; x_wconf 88' lang='lat' dir='ltr'>perversio,</span> <span class='ocrx_word' id='word_1_493' title='bbox 1706 2169 1745 2201; x_wconf 91' lang='lat' dir='ltr'>et</span> <span class='ocrx_word' id='word_1_494' title='bbox 1775 2161 1969 2207; x_wconf 88' lang='lat' dir='ltr'>omnium,</span> <span class='ocrx_word' id='word_1_495' title='bbox 1989 2162 2058 2216; x_wconf 90' lang='lat' dir='ltr'>qui</span> <span class='ocrx_word' id='word_1_496' title='bbox 2091 2163 2288 2203; x_wconf 87' lang='lat' dir='ltr'>memoriae</span> 
     </span>
     <span class='ocr_line' id='line_1_85' title="bbox 1369 2217 2290 2271; baseline 0.003 -16"><span class='ocrx_word' id='word_1_497' title='bbox 1369 2218 1547 2256; x_wconf 84' lang='lat' dir='ltr'>mandati</span> <span class='ocrx_word' id='word_1_498' title='bbox 1577 2225 1683 2263; x_wconf 89' lang='lat' dir='ltr'>sunt,</span> <span class='ocrx_word' id='word_1_499' title='bbox 1704 2217 1891 2257; x_wconf 82' lang='lat' dir='ltr'>librorum</span> <span class='ocrx_word' id='word_1_500' title='bbox 1922 2218 2098 2266; x_wconf 88' lang='lat' dir='ltr'>abolitio,</span> <span class='ocrx_word' id='word_1_501' title='bbox 2121 2218 2153 2257; x_wconf 89' lang='lat' dir='ltr'>si</span> <span class='ocrx_word' id='word_1_502' title='bbox 2181 2219 2290 2271; x_wconf 91' lang='lat' dir='ltr'>quod</span> 
     </span>
     <span class='ocr_line' id='line_1_86' title="bbox 1371 2273 2287 2327; baseline 0.003 -16"><span class='ocrx_word' id='word_1_503' title='bbox 1371 2279 1480 2312; x_wconf 87' lang='lat' dir='ltr'>tanta</span> <span class='ocrx_word' id='word_1_504' title='bbox 1499 2273 1739 2327; x_wconf 89' lang='lat' dir='ltr'>populorum</span> <span class='ocrx_word' id='word_1_505' title='bbox 1762 2273 1950 2327; x_wconf 81' lang='lat' dir='ltr'>religione</span> <span class='ocrx_word' id='word_1_506' title='bbox 1972 2274 2198 2313; x_wconf 88' lang='lat' dir='ltr'>roboratum</span> <span class='ocrx_word' id='word_1_507' title='bbox 2214 2284 2287 2323; x_wconf 90' lang='lat' dir='ltr'>est,</span> 
     </span>
     <span class='ocr_line' id='line_1_87' title="bbox 1371 2327 2288 2382; baseline 0.003 -15"><span class='ocrx_word' id='word_1_508' title='bbox 1371 2334 1483 2368; x_wconf 87' lang='lat' dir='ltr'>tanta</span> <span class='ocrx_word' id='word_1_509' title='bbox 1503 2327 1711 2368; x_wconf 89' lang='lat' dir='ltr'>hominum</span> <span class='ocrx_word' id='word_1_510' title='bbox 1733 2336 1771 2368; x_wconf 87' lang='lat' dir='ltr'>et</span> <span class='ocrx_word' id='word_1_511' title='bbox 1790 2336 2012 2382; x_wconf 88' lang='lat' dir='ltr'>temporum</span> <span class='ocrx_word' id='word_1_512' title='bbox 2031 2330 2288 2370; x_wconf 87' lang='lat' dir='ltr'>consensione</span> 
     </span>
     <span class='ocr_line' id='line_1_88' title="bbox 1370 2383 2289 2429; baseline 0.003 -7"><span class='ocrx_word' id='word_1_513' title='bbox 1370 2383 1583 2429; x_wconf 85' lang='lat' dir='ltr'>firmatum,</span> <span class='ocrx_word' id='word_1_514' title='bbox 1607 2384 1647 2423; x_wconf 89' lang='lat' dir='ltr'>in</span> <span class='ocrx_word' id='word_1_515' title='bbox 1673 2384 1779 2424; x_wconf 89' lang='lat' dir='ltr'>hanc</span> <span class='ocrx_word' id='word_1_516' title='bbox 1813 2384 2101 2424; x_wconf 85' lang='lat' dir='ltr'>dubitationem</span> <span class='ocrx_word' id='word_1_517' title='bbox 2131 2385 2289 2426; x_wconf 89' lang='lat' dir='ltr'>induci-</span> 
     </span>
     <span class='ocr_line' id='line_1_89' title="bbox 1371 2439 2288 2494; baseline 0.004 -16"><span class='ocrx_word' id='word_1_518' title='bbox 1371 2445 1448 2488; x_wconf 90' lang='lat' dir='ltr'>tur,</span> <span class='ocrx_word' id='word_1_519' title='bbox 1469 2446 1514 2479; x_wconf 88' lang='lat' dir='ltr'>ut</span> <span class='ocrx_word' id='word_1_520' title='bbox 1535 2454 1583 2479; x_wconf 89' lang='lat' dir='ltr'>ne</span> <span class='ocrx_word' id='word_1_521' title='bbox 1602 2439 1772 2479; x_wconf 86' lang='lat' dir='ltr'>historiae</span> <span class='ocrx_word' id='word_1_522' title='bbox 1793 2440 1951 2494; x_wconf 84' lang='lat' dir='ltr'>quidem</span> <span class='ocrx_word' id='word_1_523' title='bbox 1972 2440 2147 2494; x_wconf 86' lang='lat' dir='ltr'>vulgaris</span> <span class='ocrx_word' id='word_1_524' title='bbox 2168 2441 2288 2482; x_wconf 87' lang='lat' dir='ltr'>fidem</span> 
     </span>
     <span class='ocr_line' id='line_1_90' title="bbox 1371 2494 2286 2549; baseline 0.003 -15"><span class='ocrx_word' id='word_1_525' title='bbox 1371 2494 1491 2548; x_wconf 89' lang='lat' dir='ltr'>possit</span> <span class='ocrx_word' id='word_1_526' title='bbox 1516 2496 1833 2549; x_wconf 86' lang='lat' dir='ltr'>gravitatemque</span> <span class='ocrx_word' id='word_1_527' title='bbox 1856 2495 2048 2536; x_wconf 90' lang='lat' dir='ltr'>obtinere.</span> <span class='ocrx_word' id='word_1_528' title='bbox 2093 2497 2155 2536; x_wconf 89' lang='lat' dir='ltr'>De</span> <span class='ocrx_word' id='word_1_529' title='bbox 2186 2511 2286 2538; x_wconf 87' lang='lat' dir='ltr'>mor.</span> 
     </span>
     <span class='ocr_line' id='line_1_91' title="bbox 1372 2551 2285 2604; baseline 0.004 -15"><span class='ocrx_word' id='word_1_530' title='bbox 1372 2551 1485 2590; x_wconf 87' lang='lat' dir='ltr'>Eccl.</span> <span class='ocrx_word' id='word_1_531' title='bbox 1520 2552 1639 2591; x_wconf 88' lang='lat' dir='ltr'>Cath.</span> <span class='ocrx_word' id='word_1_532' title='bbox 1671 2565 1708 2591; x_wconf 91' lang='lat' dir='ltr'>c.</span> <span class='ocrx_word' id='word_1_533' title='bbox 1738 2553 1806 2591; x_wconf 85' lang='lat'>29.</span> <span class='ocrx_word' id='word_1_534' title='bbox 1837 2553 1871 2604; x_wconf 81' lang='lat'>§.</span> <span class='ocrx_word' id='word_1_535' title='bbox 1903 2553 1970 2591; x_wconf 88' lang='grc'>60.</span> <span class='ocrx_word' id='word_1_536' title='bbox 2000 2551 2051 2591; x_wconf 93' lang='lat' dir='ltr'>cf.</span> <span class='ocrx_word' id='word_1_537' title='bbox 2081 2564 2118 2591; x_wconf 94' lang='lat' dir='ltr'>c.</span> <span class='ocrx_word' id='word_1_538' title='bbox 2149 2553 2285 2593; x_wconf 88' lang='lat' dir='ltr'>Faust.</span> 
     </span>
     <span class='ocr_line' id='line_1_92' title="bbox 1371 2606 2288 2661; baseline 0.003 -16"><span class='ocrx_word' id='word_1_539' title='bbox 1371 2606 1494 2647; x_wconf 83' lang='lat' dir='ltr'>xxxii.</span> <span class='ocrx_word' id='word_1_540' title='bbox 1509 2608 1577 2647; x_wconf 79' lang='lat'>21.</span> <span class='ocrx_word' id='word_1_541' title='bbox 1596 2614 1635 2647; x_wconf 89' lang='lat' dir='ltr'>et</span> <span class='ocrx_word' id='word_1_542' title='bbox 1651 2606 1832 2661; x_wconf 91' lang='lat' dir='ltr'>pluribus</span> <span class='ocrx_word' id='word_1_543' title='bbox 1847 2606 1984 2647; x_wconf 83' lang='lat' dir='ltr'>xxxiii.</span> <span class='ocrx_word' id='word_1_544' title='bbox 1996 2621 2032 2647; x_wconf 90' lang='grc'>0.</span> <span class='ocrx_word' id='word_1_545' title='bbox 2045 2609 2085 2647; x_wconf 91' lang='grc'>6.</span> <span class='ocrx_word' id='word_1_546' title='bbox 2107 2609 2212 2660; x_wconf 83' lang='grc' dir='ltr'><strong>(111οᾱ</strong></span> <span class='ocrx_word' id='word_1_547' title='bbox 2228 2608 2288 2649; x_wconf 83' lang='grc'><strong>1115</strong></span> 
     </span>
     <span class='ocr_line' id='line_1_93' title="bbox 1371 2662 2285 2717; baseline 0.003 -16"><span class='ocrx_word' id='word_1_548' title='bbox 1371 2662 1522 2702; x_wconf 83' lang='grc'><strong>0100(111</strong></span> <span class='ocrx_word' id='word_1_549' title='bbox 1543 2668 1570 2686; x_wconf 90' lang='lat'><strong>“</strong></span> <span class='ocrx_word' id='word_1_550' title='bbox 1594 2677 1685 2716; x_wconf 90' lang='lat' dir='ltr'>quae</span> <span class='ocrx_word' id='word_1_551' title='bbox 1708 2676 1797 2702; x_wconf 90' lang='lat' dir='ltr'>cum</span> <span class='ocrx_word' id='word_1_552' title='bbox 1819 2662 1873 2703; x_wconf 90' lang='lat' dir='ltr'>ita</span> <span class='ocrx_word' id='word_1_553' title='bbox 1894 2663 1986 2711; x_wconf 89' lang='lat' dir='ltr'>sint,</span> <span class='ocrx_word' id='word_1_554' title='bbox 2007 2662 2096 2717; x_wconf 90' lang='lat' dir='ltr'>quis</span> <span class='ocrx_word' id='word_1_555' title='bbox 2123 2664 2285 2704; x_wconf 87' lang='lat' dir='ltr'>tandem</span> 
     </span>
     <span class='ocr_line' id='line_1_94' title="bbox 1367 2718 2282 2772; baseline 0.003 -15"><span class='ocrx_word' id='word_1_556' title='bbox 1367 2723 1479 2758; x_wconf 89' lang='lat' dir='ltr'>tanto</span> <span class='ocrx_word' id='word_1_557' title='bbox 1525 2718 1656 2759; x_wconf 87' lang='lat' dir='ltr'>furore</span> <span class='ocrx_word' id='word_1_558' title='bbox 1705 2718 2007 2772; x_wconf 65' lang='lat' dir='ltr'>caecatur—qui</span> <span class='ocrx_word' id='word_1_559' title='bbox 2051 2719 2159 2758; x_wconf 89' lang='lat' dir='ltr'>dicat</span> <span class='ocrx_word' id='word_1_560' title='bbox 2205 2719 2282 2760; x_wconf 89' lang='lat' dir='ltr'>hoc</span> 
     </span>
     <span class='ocr_line' id='line_1_95' title="bbox 1370 2774 2285 2828; baseline 0.001 -15"><span class='ocrx_word' id='word_1_561' title='bbox 1370 2774 1509 2813; x_wconf 87' lang='lat' dir='ltr'>mereri</span> <span class='ocrx_word' id='word_1_562' title='bbox 1530 2788 1608 2814; x_wconf 88' lang='lat' dir='ltr'>non</span> <span class='ocrx_word' id='word_1_563' title='bbox 1631 2774 1804 2827; x_wconf 89' lang='lat' dir='ltr'>potuisse</span> <span class='ocrx_word' id='word_1_564' title='bbox 1828 2775 2110 2828; x_wconf 64' lang='lat' dir='ltr'>Apostolorum</span> <span class='ocrx_word' id='word_1_565' title='bbox 2141 2775 2285 2815; x_wconf 89' lang='lat' dir='ltr'>Eccle-</span> 
     </span>
     <span class='ocr_line' id='line_1_96' title="bbox 1368 2828 2284 2878; baseline 0.003 -11"><span class='ocrx_word' id='word_1_566' title='bbox 1368 2828 1483 2876; x_wconf 88' lang='lat' dir='ltr'>siam,</span> <span class='ocrx_word' id='word_1_567' title='bbox 1496 2837 1577 2869; x_wconf 87' lang='lat' dir='ltr'>tam</span> <span class='ocrx_word' id='word_1_568' title='bbox 1594 2831 1730 2878; x_wconf 89' lang='lat' dir='ltr'>fidam,</span> <span class='ocrx_word' id='word_1_569' title='bbox 1744 2838 1824 2868; x_wconf 91' lang='lat' dir='ltr'>tam</span> <span class='ocrx_word' id='word_1_570' title='bbox 1847 2842 2097 2869; x_wconf 88' lang='lat' dir='ltr'>numerosam</span> <span class='ocrx_word' id='word_1_571' title='bbox 2118 2828 2284 2870; x_wconf 84' lang='lat' dir='ltr'>fratrum</span> 
     </span>
     <span class='ocr_line' id='line_1_97' title="bbox 1369 2884 2283 2938; baseline 0.002 -14"><span class='ocrx_word' id='word_1_572' title='bbox 1369 2885 1638 2932; x_wconf 86' lang='lat' dir='ltr'>concordiam,</span> <span class='ocrx_word' id='word_1_573' title='bbox 1660 2893 1703 2924; x_wconf 90' lang='lat' dir='ltr'>ut</span> <span class='ocrx_word' id='word_1_574' title='bbox 1721 2898 1859 2924; x_wconf 92' lang='lat' dir='ltr'>eorum</span> <span class='ocrx_word' id='word_1_575' title='bbox 1878 2884 2024 2938; x_wconf 89' lang='lat' dir='ltr'>scripta</span> <span class='ocrx_word' id='word_1_576' title='bbox 2044 2884 2212 2925; x_wconf 79' lang='lat' dir='ltr'>fideliter</span> <span class='ocrx_word' id='word_1_577' title='bbox 2231 2887 2283 2926; x_wconf 91' lang='lat' dir='ltr'>ad</span> 
     </span>
     <span class='ocr_line' id='line_1_98' title="bbox 1367 2939 2284 2994; baseline 0.004 -16"><span class='ocrx_word' id='word_1_578' title='bbox 1367 2946 1542 2992; x_wconf 88' lang='lat' dir='ltr'>posteros</span> <span class='ocrx_word' id='word_1_579' title='bbox 1555 2939 1796 2994; x_wconf 81' lang='lat' dir='ltr'>trajicerent,</span> <span class='ocrx_word' id='word_1_580' title='bbox 1811 2953 1901 2979; x_wconf 90' lang='lat' dir='ltr'>cum</span> <span class='ocrx_word' id='word_1_581' title='bbox 1918 2953 2054 2979; x_wconf 87' lang='lat' dir='ltr'>eorum</span> <span class='ocrx_word' id='word_1_582' title='bbox 2073 2940 2284 2982; x_wconf 87' lang='lat' dir='ltr'>cathedras</span> 
     </span>
     <span class='ocr_line' id='line_1_99' title="bbox 1367 2995 2280 3049; baseline 0.003 -15"><span class='ocrx_word' id='word_1_583' title='bbox 1367 3007 1494 3047; x_wconf 92' lang='lat' dir='ltr'>usque</span> <span class='ocrx_word' id='word_1_584' title='bbox 1514 2997 1564 3034; x_wconf 89' lang='lat' dir='ltr'>ad</span> <span class='ocrx_word' id='word_1_585' title='bbox 1586 3002 1799 3049; x_wconf 83' lang='lat' dir='ltr'>praesentes</span> <span class='ocrx_word' id='word_1_586' title='bbox 1822 2995 2042 3049; x_wconf 89' lang='lat' dir='ltr'>Episcopos</span> <span class='ocrx_word' id='word_1_587' title='bbox 2062 2995 2280 3037; x_wconf 86' lang='lat' dir='ltr'>certissima</span> 
     </span>
     <span class='ocr_line' id='line_1_100' title="bbox 1367 3050 2284 3106; baseline 0.003 -17"><span class='ocrx_word' id='word_1_588' title='bbox 1367 3051 1618 3090; x_wconf 89' lang='lat' dir='ltr'>successione</span> <span class='ocrx_word' id='word_1_589' title='bbox 1653 3050 1907 3098; x_wconf 88' lang='lat' dir='ltr'>servaverint,</span> <span class='ocrx_word' id='word_1_590' title='bbox 1939 3064 2031 3090; x_wconf 86' lang='grc'><strong>011111</strong></span> <span class='ocrx_word' id='word_1_591' title='bbox 2066 3050 2141 3090; x_wconf 87' lang='grc'><strong>1100</strong></span> <span class='ocrx_word' id='word_1_592' title='bbox 2181 3065 2284 3106; x_wconf 89' lang='lat' dir='ltr'>qua-</span> 
     </span>
     <span class='ocr_line' id='line_1_101' title="bbox 1364 3104 2281 3160; baseline 0.004 -16"><span class='ocrx_word' id='word_1_593' title='bbox 1364 3104 1626 3160; x_wconf 89' lang='lat' dir='ltr'>liumcunque</span> <span class='ocrx_word' id='word_1_594' title='bbox 1645 3105 1850 3146; x_wconf 90' lang='lat' dir='ltr'>hominum</span> <span class='ocrx_word' id='word_1_595' title='bbox 1871 3106 2036 3160; x_wconf 86' lang='lat' dir='ltr'>scriptis,</span> <span class='ocrx_word' id='word_1_596' title='bbox 2058 3106 2140 3146; x_wconf 89' lang='lat' dir='ltr'>sive</span> <span class='ocrx_word' id='word_1_597' title='bbox 2166 3115 2281 3148; x_wconf 86' lang='lat' dir='ltr'>extra</span> 
     </span>
     <span class='ocr_line' id='line_1_102' title="bbox 1366 3161 2280 3216; baseline 0.005 -16"><span class='ocrx_word' id='word_1_598' title='bbox 1366 3161 1605 3207; x_wconf 87' lang='lat' dir='ltr'>Ecclesiam,</span> <span class='ocrx_word' id='word_1_599' title='bbox 1638 3161 1721 3202; x_wconf 88' lang='lat' dir='ltr'>sive</span> <span class='ocrx_word' id='word_1_600' title='bbox 1751 3162 1793 3201; x_wconf 91' lang='lat' dir='ltr'>in</span> <span class='ocrx_word' id='word_1_601' title='bbox 1820 3162 1906 3216; x_wconf 86' lang='lat' dir='ltr'>ipsa</span> <span class='ocrx_word' id='word_1_602' title='bbox 1940 3162 2137 3211; x_wconf 72' lang='lat' dir='ltr'>Ecclesia,</span> <span class='ocrx_word' id='word_1_603' title='bbox 2166 3170 2280 3205; x_wconf 87' lang='lat' dir='ltr'>tanta</span> 
     </span>
     <span class='ocr_line' id='line_1_103' title="bbox 1362 3215 1827 3272; baseline 0.004 -16"><span class='ocrx_word' id='word_1_604' title='bbox 1362 3215 1552 3257; x_wconf 88' lang='lat' dir='ltr'>facilitate</span> <span class='ocrx_word' id='word_1_605' title='bbox 1569 3217 1827 3272; x_wconf 75' lang='lat' dir='ltr'>proveniat”‘!</span> 
     </span>
    </p>

    <p class='ocr_par' dir='ltr' id='par_1_10' title="bbox 1359 3272 2280 3829">
     <span class='ocr_line' id='line_1_104' title="bbox 1420 3272 2280 3314; baseline 0.002 -2"><span class='ocrx_word' id='word_1_606' title='bbox 1420 3272 1441 3303; x_wconf 75' lang='lat'>¹¹</span> <span class='ocrx_word' id='word_1_607' title='bbox 1476 3272 1518 3312; x_wconf 91' lang='lat' dir='ltr'>Si</span> <span class='ocrx_word' id='word_1_608' title='bbox 1536 3273 1739 3313; x_wconf 86' lang='lat' dir='ltr'>auferatur</span> <span class='ocrx_word' id='word_1_609' title='bbox 1765 3272 1852 3312; x_wconf 85' lang='lat' dir='ltr'>haec</span> <span class='ocrx_word' id='word_1_610' title='bbox 1882 3273 1977 3313; x_wconf 89' lang='lat' dir='ltr'>fides</span> <span class='ocrx_word' id='word_1_611' title='bbox 1996 3273 2045 3313; x_wconf 92' lang='lat' dir='ltr'>de</span> <span class='ocrx_word' id='word_1_612' title='bbox 2066 3274 2183 3314; x_wconf 92' lang='lat' dir='ltr'>rebus</span> <span class='ocrx_word' id='word_1_613' title='bbox 2203 3273 2280 3314; x_wconf 92' lang='lat' dir='ltr'>hu-</span> 
     </span>
     <span class='ocr_line' id='line_1_105' title="bbox 1362 3327 2278 3383; baseline 0.001 -16"><span class='ocrx_word' id='word_1_614' title='bbox 1362 3327 1504 3376; x_wconf 88' lang='lat' dir='ltr'>manis,</span> <span class='ocrx_word' id='word_1_615' title='bbox 1535 3329 1624 3382; x_wconf 89' lang='lat' dir='ltr'>quis</span> <span class='ocrx_word' id='word_1_616' title='bbox 1645 3342 1724 3368; x_wconf 87' lang='lat' dir='ltr'>non</span> <span class='ocrx_word' id='word_1_617' title='bbox 1743 3329 1936 3368; x_wconf 89' lang='lat' dir='ltr'>adtendat</span> <span class='ocrx_word' id='word_1_618' title='bbox 1958 3336 2110 3383; x_wconf 89' lang='lat' dir='ltr'>quanta</span> <span class='ocrx_word' id='word_1_619' title='bbox 2139 3342 2278 3368; x_wconf 89' lang='lat' dir='ltr'>earum</span> 
     </span>
     <span class='ocr_line' id='line_1_106' title="bbox 1362 3383 2279 3438; baseline 0.002 -16"><span class='ocrx_word' id='word_1_620' title='bbox 1362 3383 1619 3438; x_wconf 89' lang='lat' dir='ltr'>perturbatio,</span> <span class='ocrx_word' id='word_1_621' title='bbox 1651 3391 1690 3423; x_wconf 90' lang='lat' dir='ltr'>et</span> <span class='ocrx_word' id='word_1_622' title='bbox 1719 3397 1839 3437; x_wconf 86' lang='lat' dir='ltr'>quam</span> <span class='ocrx_word' id='word_1_623' title='bbox 1872 3385 2069 3425; x_wconf 87' lang='lat' dir='ltr'>horrenda</span> <span class='ocrx_word' id='word_1_624' title='bbox 2098 3384 2279 3424; x_wconf 84' lang='lat' dir='ltr'>confusio</span> 
     </span>
     <span class='ocr_line' id='line_1_107' title="bbox 1361 3439 2278 3493; baseline 0.002 -14"><span class='ocrx_word' id='word_1_625' title='bbox 1361 3440 1654 3493; x_wconf 61' lang='lat' dir='ltr'>subsequatur?</span> <span class='ocrx_word' id='word_1_626' title='bbox 1705 3440 1807 3488; x_wconf 77' lang='lat' dir='ltr'>Quis</span> <span class='ocrx_word' id='word_1_627' title='bbox 1826 3439 1931 3480; x_wconf 87' lang='lat' dir='ltr'>enim</span> <span class='ocrx_word' id='word_1_628' title='bbox 1955 3448 2094 3480; x_wconf 87' lang='lat' dir='ltr'>mutua</span> <span class='ocrx_word' id='word_1_629' title='bbox 2115 3440 2278 3481; x_wconf 85' lang='lat' dir='ltr'>caritate</span> 
     </span>
     <span class='ocr_line' id='line_1_108' title="bbox 1359 3494 2277 3550; baseline 0 -16"><span class='ocrx_word' id='word_1_630' title='bbox 1359 3494 1547 3550; x_wconf 86' lang='lat' dir='ltr'>diligetur</span> <span class='ocrx_word' id='word_1_631' title='bbox 1584 3496 1635 3534; x_wconf 93' lang='lat' dir='ltr'>ab</span> <span class='ocrx_word' id='word_1_632' title='bbox 1673 3495 1822 3549; x_wconf 82' lang='lat' dir='ltr'>aliquo,</span> <span class='ocrx_word' id='word_1_633' title='bbox 1857 3509 1952 3535; x_wconf 86' lang='lat' dir='ltr'>cum</span> <span class='ocrx_word' id='word_1_634' title='bbox 1990 3495 2039 3535; x_wconf 86' lang='lat' dir='ltr'>sit</span> <span class='ocrx_word' id='word_1_635' title='bbox 2072 3494 2277 3536; x_wconf 89' lang='lat' dir='ltr'>invisibilis</span> 
     </span>
     <span class='ocr_line' id='line_1_109' title="bbox 1359 3549 2276 3605; baseline 0.001 -15"><span class='ocrx_word' id='word_1_636' title='bbox 1359 3550 1446 3605; x_wconf 87' lang='lat' dir='ltr'>ipsa</span> <span class='ocrx_word' id='word_1_637' title='bbox 1463 3549 1640 3596; x_wconf 86' lang='lat' dir='ltr'>dilectio,</span> <span class='ocrx_word' id='word_1_638' title='bbox 1660 3551 1709 3596; x_wconf 83' lang='lat' dir='ltr'>si,</span> <span class='ocrx_word' id='word_1_639' title='bbox 1732 3551 1840 3604; x_wconf 89' lang='lat' dir='ltr'>quod</span> <span class='ocrx_word' id='word_1_640' title='bbox 1867 3565 1946 3590; x_wconf 89' lang='lat' dir='ltr'>non</span> <span class='ocrx_word' id='word_1_641' title='bbox 1967 3550 2094 3595; x_wconf 86' lang='lat' dir='ltr'>video.</span> <span class='ocrx_word' id='word_1_642' title='bbox 2115 3551 2276 3591; x_wconf 86' lang='lat' dir='ltr'>credere</span> 
     </span>
     <span class='ocr_line' id='line_1_110' title="bbox 1361 3605 2278 3660; baseline 0.002 -15"><span class='ocrx_word' id='word_1_643' title='bbox 1361 3619 1441 3645; x_wconf 89' lang='lat' dir='ltr'>non</span> <span class='ocrx_word' id='word_1_644' title='bbox 1474 3606 1630 3646; x_wconf 82' lang='lat' dir='ltr'>debeo?</span> <span class='ocrx_word' id='word_1_645' title='bbox 1703 3606 1746 3646; x_wconf 80' lang='lat' dir='ltr'>Si</span> <span class='ocrx_word' id='word_1_646' title='bbox 1780 3620 1874 3660; x_wconf 87' lang='lat' dir='ltr'>ergo</span> <span class='ocrx_word' id='word_1_647' title='bbox 1909 3620 1990 3647; x_wconf 87' lang='lat' dir='ltr'>non</span> <span class='ocrx_word' id='word_1_648' title='bbox 2024 3605 2278 3647; x_wconf 88' lang='lat' dir='ltr'>credentibus</span> 
     </span>
     <span class='ocr_line' id='line_1_111' title="bbox 1362 3660 2276 3716; baseline 0.001 -15"><span class='ocrx_word' id='word_1_649' title='bbox 1362 3660 1480 3702; x_wconf 87' lang='lat' dir='ltr'>nobis</span> <span class='ocrx_word' id='word_1_650' title='bbox 1512 3675 1603 3716; x_wconf 88' lang='lat' dir='ltr'>quae</span> <span class='ocrx_word' id='word_1_651' title='bbox 1641 3661 1772 3702; x_wconf 90' lang='lat' dir='ltr'>videre</span> <span class='ocrx_word' id='word_1_652' title='bbox 1813 3676 1892 3702; x_wconf 85' lang='lat' dir='ltr'>non</span> <span class='ocrx_word' id='word_1_653' title='bbox 1930 3675 2153 3716; x_wconf 90' lang='lat' dir='ltr'>possumus,</span> <span class='ocrx_word' id='word_1_654' title='bbox 2188 3660 2276 3715; x_wconf 85' lang='lat' dir='ltr'>ipsa</span> 
     </span>
     <span class='ocr_line' id='line_1_112' title="bbox 1362 3715 2276 3770; baseline 0 -14"><span class='ocrx_word' id='word_1_655' title='bbox 1362 3715 1540 3757; x_wconf 85' lang='lat' dir='ltr'>humana</span> <span class='ocrx_word' id='word_1_656' title='bbox 1586 3717 1766 3763; x_wconf 89' lang='lat' dir='ltr'>societas,</span> <span class='ocrx_word' id='word_1_657' title='bbox 1814 3716 2028 3758; x_wconf 89' lang='lat' dir='ltr'>concordia</span> <span class='ocrx_word' id='word_1_658' title='bbox 2070 3723 2276 3770; x_wconf 88' lang='lat' dir='ltr'>pereunte,</span> 
     </span>
     <span class='ocr_line' id='line_1_113' title="bbox 1363 3772 2275 3829; baseline -0.001 -16"><span class='ocrx_word' id='word_1_659' title='bbox 1363 3785 1443 3814; x_wconf 88' lang='lat' dir='ltr'>non</span> <span class='ocrx_word' id='word_1_660' title='bbox 1453 3772 1572 3814; x_wconf 87' lang='lat' dir='ltr'>stabit</span> <span class='ocrx_word' id='word_1_661' title='bbox 1582 3786 1595 3824; x_wconf 89' lang='lat'>;</span> <span class='ocrx_word' id='word_1_662' title='bbox 1625 3781 1774 3827; x_wconf 85' lang='lat' dir='ltr'>quanto</span> <span class='ocrx_word' id='word_1_663' title='bbox 1789 3772 1915 3828; x_wconf 81' lang='lat' dir='ltr'>magis</span> <span class='ocrx_word' id='word_1_664' title='bbox 1933 3779 1992 3829; x_wconf 81' lang='lat' dir='ltr'>est</span> <span class='ocrx_word' id='word_1_665' title='bbox 2009 3772 2120 3820; x_wconf 86' lang='lat' dir='ltr'>fides,</span> <span class='ocrx_word' id='word_1_666' title='bbox 2134 3784 2275 3827; x_wconf 87' lang='lat' dir='ltr'>quam·</span> 
     </span>
    </p>
   </div>
  </div>
 </body>
</html>
