2378 4134
662 699 913 762 LIBER
958 699 1385 772 QUARTUS.

105 871 245 914 Pudet
266 884 312 913 se
335 869 686 912 Manichaeorum
710 877 846 913 sectae
868 871 1092 913 addictum
1114 869 1252 912 fuisse
1274 883 1354 926 per
1374 867 1661 918 novennium,
1684 873 1816 923 atque
1844 866 1954 909 alios

164 959 315 987 secum
336 943 382 985 in
403 944 608 985 eumdem
629 958 823 985 errorem
857 943 1125 1000 pertraxisse
1135 960 1148 994 ;
1193 949 1288 984 tum
1320 942 1455 984 etiam
1483 941 1758 983 consuluisse
1787 941 1957 982 mathe-

163 1017 370 1060 maticos:
423 1022 469 1058 et
500 1017 692 1059 amicum
729 1017 812 1059 sibi
855 1019 1025 1059 interea
1066 1023 1208 1058 morte
1251 1022 1541 1072 praereptum,
1574 1014 1789 1057 acerbiori
1821 1028 1954 1069 quam

163 1102 338 1145 aequum
366 1095 485 1132 esset
509 1089 644 1131 animi
678 1089 827 1131 dolore
855 1089 993 1131 fuisse
1016 1094 1330 1145 prosecutum3
1364 1087 1490 1143 cujus
1523 1087 1748 1143 insignem
1777 1100 1959 1128 conver·

163 1163 332 1204 sionem
354 1167 586 1213 memorat,
608 1168 653 1203 et
675 1161 829 1204 mortis
852 1161 947 1218 ejus
969 1161 1218 1211 occasione,
1242 1161 1296 1202 de
1317 1174 1430 1202 vana
1450 1165 1496 1201 et
1517 1160 1571 1201 de
1594 1159 1736 1201 solida
1761 1158 1958 1201 amicitia

163 1241 208 1276 et
239 1249 369 1290 quam
402 1235 516 1276 fluxa
547 1234 635 1276 sint
666 1240 711 1276 et
744 1235 910 1276 caduca
940 1240 1117 1276 terrena
1149 1233 1314 1283 omnia,
1335 1232 1541 1289 pluribus
1575 1232 1766 1274 disserit.
1830 1232 1959 1273 Men-

164 1307 330 1348 tionem
361 1306 470 1349 facit
501 1306 713 1348 librorum
746 1307 800 1347 de
831 1306 1020 1348 Pulchro
1048 1311 1093 1347 et
1122 1306 1257 1361 Apto,
1290 1319 1316 1346 a
1346 1318 1393 1346 se
1422 1319 1536 1347 anno
1562 1306 1708 1346 oetatis
1741 1304 1958 1361 vigesimo

165 1386 287 1422 sexto
312 1385 388 1421 aut
408 1379 623 1435 vigesimo
645 1378 836 1436 septimo
858 1378 1238 1434 conscriptorum3
1281 1391 1453 1419 necnon
1476 1391 1608 1432 quam
1630 1378 1750 1419 facili
1775 1377 1956 1434 negotio

164 1451 410 1494 liberalium
433 1451 592 1493 artium
614 1451 748 1493 libros
771 1457 902 1505 atque
922 1449 1177 1493 Aristotelis
1201 1449 1481 1506 categorias,
1505 1463 1621 1491 anno
1644 1449 1789 1491 aetatis
1811 1449 1954 1490 ferme

162 1523 392 1580 vigesimo,
415 1537 493 1579 per
515 1537 611 1565 sese
632 1522 915 1564 intellexerit.

182 1666 226 1713 1.
275 1664 376 1714 Per
422 1662 565 1714 idem
614 1669 823 1730 tempus
873 1680 1132 1714 annorum
1181 1679 1392 1725 novem,
1432 1662 1499 1712 ab
1551 1661 1957 1728 undevigesimo
2049 1667 2084 1706 Ι.

106 1766 246 1800 anno
288 1748 459 1800 aetatis
495 1766 645 1810 meae,
683 1765 853 1816 usque
893 1747 962 1799 ad
1000 1747 1531 1814 duodetrigesimum,
1570 1746 1959 1798 seducebamur
1973 1722 2128 1815 (effiagi-

107 1839 161 1883 et
189 1832 592 1896 seducebamus,
626 1832 746 1883 falsi
781 1838 941 1900 atque
975 1833 1217 1883 fallentes
1253 1831 1311 1882 in
1344 1832 1504 1883 variis
1539 1831 2139 1923 cupiditatibus33⁰⁰ssffi

108 1925 161 1970 et
191 1918 368 1985 palam
405 1935 501 1985 per
535 1916 803 1969 doctrinas
838 1935 971 1984 quas
999 1917 1247 1968 liberales
1282 1925 1494 1980 vocant,
1530 1918 1741 1969 occulte
1779 1898 2146 1978 auteinsssdffii⁵

107 2002 240 2053 falso
273 2002 487 2053 nomine
524 2002 811 2067 religionis.
889 2002 998 2053 Hic
1036 2002 1272 2070 superbi,
1310 2002 1386 2052 ibi
1427 2003 1802 2070 superstitiosi,
1839 2002 1958 2053 ubi·
1976 1993 2061 2033 erit.

108 2104 212 2155 que
238 2087 375 2138 vani.
453 2088 575 2137 Hac
602 2087 877 2154 popularis
912 2086 1093 2153 gloriae
1129 2094 1392 2138 sectantes
1428 2087 1760 2151 inanitatem,
1788 2107 1959 2157 usque

108 2171 175 2222 ad
213 2172 498 2223 theatricos
535 2172 773 2240 plausus,
813 2179 866 2223 et
914 2173 1249 2224 contentiosa
1299 2171 1588 2237 car1nina*,
1629 2182 1683 2225 et
1731 2193 1959 2242 agonem

109 2275 418 2309 coronarum
446 2258 732 2321 fenearum,
761 2264 813 2308 et
839 2259 1265 2326 spectaculorum
1298 2276 1489 2325 nugaS,
1517 2268 1568 2311 et
1599 2259 1959 2327 intemperan-

107 2344 235 2394 tiam
271 2343 580 2395 libidinum:
646 2344 769 2397 illac
809 2353 985 2396 autem
1024 2346 1241 2413 purgari
1279 2364 1378 2396 nos
1424 2347 1490 2397 ab
1542 2346 1660 2397 istis
1711 2346 1959 2398 sordibus

108 2435 441 2496 expetenteS‚
480 2448 602 2481 cum
638 2429 715 2480 eis
750 2430 843 2498 qui
877 2431 1272 2498 appellarentiu·
1309 2431 1465 2482 electi
1501 2438 1554 2482 et
1590 2432 1779 2495 sancti,
1807 2434 1957 2483 affer-

108 2530 282 2563 remus
309 2531 476 2576 escas,
502 2512 567 2564 de
595 2513 792 2581 quibus
817 2514 974 2565 nobis
1001 2515 1055 2564 in
1087 2515 1331 2566 officinaa
1359 2517 1650 2584 aqualiculi
1683 2517 1765 2567 sui
1799 2517 1958 2568 fabri-

110 2607 290 2648 carent
315 2599 532 2663 angelos
557 2604 610 2648 et
635 2598 762 2649 deos
787 2616 883 2667 per
908 2617 1044 2667 quos
1070 2599 1463 2663 libera1·emur'¹;
1504 2609 1557 2651 et
1590 2603 1833 2653 sectabar
1857 2601 1961 2652 ista

110 2689 270 2750 atque
307 2681 564 2734 faciebam
591 2701 714 2733 cum
739 2682 925 2735 amicis
950 2683 1101 2746 meis,
1127 2702 1223 2751 per
1248 2703 1332 2735 me
1360 2703 1421 2736 ac
1456 2704 1667 2737 mecum
1701 2686 1958 2754 deceptis.

112 2766 373 2818 Irrideant
410 2785 494 2818 me
531 2774 858 2834 arroganteS‚
897 2775 950 2819 et
986 2767 1226 2820 nondum
1277 2770 1557 2822 salubriter
1605 2772 1853 2839 prostrati
1907 2779 1959 2822 et

164 2963 182 2985 ²
213 2959 422 2998 Officinam
476 2958 689 3012 aqualiculi
745 2959 875 3006 vestri,
932 2960 996 2999 ubi

113 3013 241 3052 Deum
279 3020 446 3053 vestrum
477 3014 544 3052 illo
574 3014 708 3066 praelio
738 3013 997 3060 confractum,

110 3066 315 3107 reformare
337 3067 508 3120 possetis.
537 3081 571 3107 c.
595 3068 730 3107 Faust.
748 3067 798 3106 vi.
818 3070 858 3107 4.

157 3120 178 3150 b
197 3122 286 3160 Suis
298 3122 554 3161 Auditoribus
567 3121 654 3161 ideo
669 3122 752 3160 haec
769 3120 998 3175 (homicidia

114 3172 190 3213 vid.
211 3187 297 3236 sup.
317 3174 345 3215 l.
366 3175 420 3214 iii.
441 3189 479 3229 p.
492 3177 558 3215 39.
579 3183 660 3215 not.
681 3177 744 3222 n.)
763 3176 1000 3215 arbitrantur

1054 2958 1251 2999 radicibus
1270 2959 1346 2999 fixa
1363 2967 1454 3000 sunt
1475 2967 1593 3013 atque
1610 2962 1769 3001 aluntur
1786 2962 1825 3000 in
1842 2970 1958 3001 terra.

1056 3013 1128 3064 (de
1144 3014 1272 3055 Hier.)
1294 3015 1419 3054 Poma
1440 3015 1513 3068 ipsi
1527 3029 1603 3054 non
1626 3015 1850 3069 decerpitis,
1870 3016 1955 3054 her-

1055 3068 1225 3119 bamque
1246 3082 1323 3107 non
1346 3069 1503 3115 vellitis,
1525 3070 1593 3109 sed
1615 3079 1746 3109 tamen
1768 3071 1818 3110 ab
1843 3070 1957 3109 audi-

1055 3121 1204 3161 toribus
1239 3122 1376 3161 vestris
1406 3123 1563 3176 decerpi
1601 3131 1640 3163 et
1677 3124 1795 3163 evelli
1835 3133 1956 3175 atque

1057 3175 1186 3214 afferri
1217 3176 1324 3215 vobis
1348 3177 1511 3229 jubetis,
1541 3191 1620 3217 non
1649 3185 1694 3216 ut
1722 3178 1767 3215 iis
1796 3177 1862 3230 qui
1895 3178 1951 3215 af·

114 3226 272 3275 ignosci,
309 3229 402 3280 quia
448 3230 624 3282 proebent
671 3229 762 3268 inde
810 3230 997 3269 alimenta

113 3281 265 3320 Electis
283 3283 384 3329 suis3
414 3291 458 3322 ut
478 3283 611 3322 divina
631 3283 701 3322 illa
722 3284 942 3323 substantia
961 3284 1001 3321 in

112 3347 242 3373 eorum
273 3342 404 3375 ventre
433 3345 612 3390 purgata.
644 3338 825 3390 impetret
850 3338 906 3377 eis
938 3351 1002 3377 ve·

113 3388 237 3434 niam,
272 3402 433 3439 quorum
472 3390 636 3431 traditur
671 3391 868 3431 oblatione
902 3405 993 3445 pur-

111 3442 256 3490 ganda.
314 3443 478 3483 Animas
506 3444 738 3484 Auditorum
770 3458 924 3485 suorum
956 3445 997 3484 in

113 3497 273 3535 Electos
293 3497 435 3536 revolvi
461 3497 709 3543 arbitrantur,
729 3506 798 3538 aut
828 3499 1000 3539 feliciore

112 3549 348 3601 compendio
379 3550 419 3589 in
447 3563 555 3590 escas
573 3552 797 3592 Elector-um
827 3566 997 3597 suorum.

112 3611 157 3643 ut
186 3604 270 3656 jam
301 3603 392 3644 inde
424 3611 599 3657 purgatae
629 3605 670 3645 in
704 3606 813 3647 nulla
839 3619 1002 3660 corpora

113 3665 367 3699 revertantur.
425 3659 588 3698 Ceteras
616 3666 747 3699 autem
779 3659 932 3700 animas
962 3667 1002 3700 et

113 3709 151 3750 in
173 3724 316 3765 pecora
335 3712 458 3753 redire
479 3719 635 3766 putant,
651 3713 746 3753 etin
763 3715 895 3754 omnia
912 3727 1000 3766 quae

1057 3229 1188 3269 ferunt
1224 3237 1395 3276 tantum,
1432 3231 1500 3270 sed
1540 3240 1583 3270 ut
1620 3232 1666 3270 iis
1704 3231 1822 3270 etiam
1865 3244 1954 3282 quae

1059 3283 1290 3329 afferuntur,
1328 3285 1509 3338 prodesse
1542 3286 1714 3339 possitis,
1762 3285 1871 3336 Aug.
1905 3285 1955 3324 de

1059 3350 1154 3377 mor.
1181 3339 1360 3378 Manicb.
1380 3339 1405 3377 l.
1427 3338 1469 3378 ii.
1493 3340 1527 3389 §.
1548 3341 1617 3379 57.
1637 3338 1716 3377 vid.
1739 3352 1825 3392 sup.
1851 3339 1876 3378 Ι.
1894 3339 1953 3378 iii.

1050 3404 1087 3430 c.
1111 3394 1174 3431 10.
1212 3399 1293 3432 not.
1322 3406 1357 3431 o.
1386 3407 1426 3446 p.
1458 3394 1524 3431 40.
1592 3393 1820 3436 Auditores,
1860 3400 1952 3432 ante

1055 3445 1212 3485 Electos
1261 3459 1389 3496 genua
1435 3446 1575 3498 figunt,
1617 3453 1659 3485 ut
1703 3446 1759 3485 eis
1811 3460 1952 3486 manus

1055 3499 1301 3553 supplicibus
1321 3500 1574 3553 imponantur
1593 3513 1669 3539 non
1690 3513 1713 3539 a
1733 3500 1826 3539 solis
1845 3514 1952 3554 pres·

1056 3553 1203 3606 byteris
1250 3554 1312 3592 vel
1364 3553 1558 3646 episcopis
1605 3560 1674 3593 aut
1722 3553 1955 3594 diaconibus

1057 3620 1207 3651 eorum,
1228 3607 1295 3646 sed
1317 3619 1339 3645 a
1359 3607 1502 3658 quibus
1523 3606 1601 3647 ibet
1624 3606 1785 3649 Electis.
1846 3609 1955 3663 Aug.

1061 3662 1136 3714 Ep.
1157 3661 1254 3701 236.
1275 3659 1327 3700 ad
1349 3661 1517 3702 Denter.
