2378 4134
1010 218 1291 272 INDEX.

229 359 362 400 Lacte
377 357 537 410 spiritus
553 369 646 398 curn
665 366 798 403 earne,
821 355 918 404 141,
941 355 1035 398 137.
1070 343 1088 360 ’

229 412 336 453 Ludi
354 411 575 460 Circenses,
591 412 639 452 91
649 438 662 458 ,
682 411 774 451 135.

230 467 461 507 Luminaria
506 464 724 506 dividentia
755 462 858 504 inter
893 469 1050 504 noctem
1087 469 1128 504 et

282 519 388 560 diem
406 520 633 573 allegorice,
651 519 748 566 262,
767 530 831 572 sq.

231 575 323 615 Lux
343 574 475 628 regina
489 574 679 620 colorum,
699 573 791 613 193.
831 573 914 612 Lux
931 579 1082 612 aeterna
1093 579 1136 612 et

284 627 636 676 incommutabilis,
659 627 786 674 Deus,
807 627 906 674 260,
931 628 1025 668 115.

651 790 714 829 Μ.

232 897 434 939 Madaura
454 897 601 938 Africae
622 897 730 945 urbs,
750 897 965 950 Thagastae
985 896 1126 936 vicina.

286 952 395 1004 Aug.
433 966 480 992 eo
515 952 787 1007 peregrinatur
826 953 1046 992 litteratura
1093 958 1133 991 et

287 1007 466 1047 oratoriae
486 1007 748 1061 percipiendae
768 1008 919 1058 gratiae,
939 1008 1007 1046 20.

233 1061 407 1112 Magicae
437 1070 539 1101 antes
567 1075 617 1101 ex
646 1061 878 1101 curiositatis
905 1061 1016 1109 vitio,
1040 1061 1133 1107 195,

233 1170 427 1221 Magister
464 1183 543 1209 non
580 1177 639 1209 est
672 1169 738 1222 qui
776 1169 892 1209 docet
935 1168 1133 1208 hominem

287 1224 505 1270 scientiam,
526 1224 599 1262 nisi
621 1225 748 1269 Deus,
768 1225 834 1263 68.

231 1277 417 1330 Magistri
435 1278 627 1332 penulati,
652 1279 715 1317 13.

232 1331 389 1371 Malum
421 1346 498 1371 non
530 1340 589 1372 est
610 1332 686 1372 nisi
716 1332 882 1385 privatio
908 1331 1017 1378 boni,
1042 1333 1133 1378 116,

227 1418 235 1423 .
286 1387 352 1426 35.
388 1387 479 1426 Non
493 1387 945 1435 estsubstantia,ib.52.
977 1387 1133 1425 Malum

285 1441 464 1481 bifariam
486 1441 632 1480 dictum
653 1442 773 1495 culpa
801 1447 841 1479 et
872 1451 1007 1493 poena.
1043 1442 1134 1481 106.

287 1496 446 1534 Malum
476 1507 596 1549 poena
621 1495 726 1548 juste
758 1508 782 1534 a
814 1495 903 1534 Deo
931 1495 1133 1548 infligitur,

285 1549 340 1588 ib.

233 1603 518 1643 Mandatorum
552 1603 768 1643 observatio
808 1617 856 1643 ex
898 1604 975 1643 Dei
1016 1603 1134 1650 dono,

232 1711 484 1750 Manichaeos
500 1711 631 1765 plures
645 1712 776 1751 Roma
794 1713 1032 1758 occultabat,
1050 1713 1117 1751 76.

232 1765 481 1804 Manicbaeus
535 1766 794 1805 haeresiarcha
850 1781 996 1806 errores
1045 1780 1135 1806 suos

287 1819 426 1859 litteris
458 1820 675 1866 mandavit,
707 1821 773 1859 66.
804 1821 887 1874 ejus
913 1822 999 1860 libri
1027 1821 1135 1871 pleni

288 1873 447 1919 fabu1is,
478 1875 546 1918 69,
578 1876 644 1913 75.
684 1875 817 1914 Multa
846 1876 895 1915 de
923 1877 1036 1914 astris
1063 1875 1135 1913 im-

287 1928 519 1980 peritissime
534 1929 802 1975 continebant‚
823 1931 892 1978 66,
912 1931 980 1969 67.
1015 1929 1137 1982 Spiri-

286 1989 370 2021 tum
394 1989 571 2021 sanctum
595 1983 823 2023 auctoritate
853 1984 1030 2038 plenaria
1049 1998 1137 2038 per-

286 2036 472 2075 sonaliter
490 2039 531 2075 in
550 2049 591 2075 se
609 2050 691 2076 esse
711 2037 885 2086 dicebat,
905 2040 970 2085 67,
992 2046 1031 2077 et
1051 2051 1088 2076 n.

234 2090 549 2131 Manichaeorum
589 2090 745 2130 haeiesis
773 2093 971 2132 asserebat
1003 2093 1137 2131 Deum

288 2157 371 2183 esse
390 2157 591 2197 corporum
610 2146 751 2183 molem
776 2149 884 2198 (quae
908 2147 1082 2184 maxima
1100 2154 1139 2185 et

286 2211 407 2252 prope
431 2199 514 2237 sola
541 2211 662 2238 causa
690 2201 828 2238 erroris
849 2200 959 2250 fuit),
982 2202 1047 2247 76,
1070 2201 1137 2246 62,

287 2254 354 2298 39,
376 2265 416 2291 n.
438 2253 507 2298 34,
525 2253 592 2297 47,
613 2266 653 2292 n.
675 2254 741 2292 78.
793 2255 952 2294 Malum
973 2268 1129 2307 quoque

287 2307 544 2346 substantiam
558 2306 756 2356 quandam
766 2337 775 2353 ,
788 2310 977 2348 etmolem
989 2317 1128 2347 tetram

288 2368 328 2400 et
347 2360 556 2398 deformem
576 2374 584 2405 3
613 2361 693 2399 sive
712 2374 897 2406 crassam,
918 2375 1036 2414 quam
1058 2370 1133 2401 ter·

292 2427 391 2459 ram,
403 2415 482 2453 sive
499 2422 655 2453 tenuem
673 2421 789 2467 atque
803 2417 1000 2461 subtilem,
1014 2430 1134 2470 quam

289 2475 459 2507 mentem
491 2468 706 2519 malignam
740 2483 807 2520 per
827 2478 968 2509 terram
997 2484 1134 2524 repen-

289 2530 384 2568 tem,
415 2522 691 2574 designabant,
711 2524 778 2570 76,
807 2525 875 2569 58,
894 2526 959 2567 74.
983 2539 1020 2563 n.
1047 2527 1136 2565 139.

291 2577 376 2616 Has
405 2576 503 2615 duas
531 2577 654 2615 moles
673 2577 776 2629 (Dei
808 2592 866 2617 sc.
892 2587 931 2618 et
950 2579 1068 2629 mali)
1089 2593 1137 2619 ex

290 2631 452 2670 adverso
485 2631 558 2669 sibi
589 2631 895 2678 constituebant,
934 2642 1137 2685 utramque

288 2685 447 2736 quidem
475 2685 682 2732 infinitam,
714 2687 782 2724 sed
813 2686 957 2725 malam
991 2701 1134 2740 angus·

287 2739 376 2784 tius,
397 2741 538 2778 bonam
559 2739 757 2791 grandim,
775 2741 842 2780 76.
875 2741 1042 2782 Animas
1055 2750 1135 2781 tam

287 2793 487 2833 hominurn
509 2807 626 2846 quam
648 2807 830 2845 pecorum
863 2796 913 2835 de
944 2796 1021 2834 Dei
1052 2810 1136 2836 esse

287 2848 898 2891 substantiaaiebant.etomnino
909 2857 1039 2903 partes
1050 2851 1143 2899 Dei,

289 2903 357 2946 59,
387 2909 426 2939 et
456 2915 495 2940 n.
530 2903 622 2940 139.
667 2903 927 2943 Peccatorum
955 2904 1141 2955 originem

288 2968 366 2993 non
388 2955 510 2995 libero
530 2956 688 2995 arbitrio
708 2956 934 3005 voluntatis,
955 2959 1023 2997 sed
1046 2960 1141 2998 sub-

288 3009 444 3049 stantiae
475 3010 594 3049 malae
618 3018 765 3050 natura:
786 3012 938 3063 (carnis
958 3013 1040 3063 sc.)
1073 3013 1139 3052 tri-

288 3063 600 3112 buebant,59,n.
621 3065 687 3112 74,
705 3074 744 3104 et
760 3079 798 3104 n.
821 3067 911 3114 105,
931 3068 1022 3113 106,
1045 3069 1134 3111 117,

294 3118 383 3156 151.
411 3119 587 3170 duasque
617 3126 776 3158 naturas
802 3120 902 3159 inter
931 3134 971 3160 se
1000 3122 1135 3160 confli-

289 3183 379 3221 gere
406 3171 446 3209 in
476 3171 631 3210 homine
651 3172 835 3213 dicebaut
864 3174 1025 3226 quando
1045 3189 1135 3215 caro

290 3223 328 3262 in
359 3224 546 3278 Spiritum
576 3226 826 3279 concupiscit,
851 3229 942 3275 139,
968 3229 1059 3267 140.
1094 3230 1132 3268 A

292 3278 381 3316 Deo
412 3279 531 3319 caelos
563 3279 786 3325 fabricatos,
817 3294 892 3320 non
922 3289 1055 3320 tamen
1085 3283 1135 3322 de

289 3345 360 3371 suo
378 3334 442 3371 sed
462 3346 509 3372 ex
532 3333 623 3372 alibi
640 3341 678 3372 et
691 3334 849 3374 aliunde
865 3336 1020 3381 creatis,
1039 3337 1134 3376 276.

292 3387 443 3426 Carnes
462 3400 564 3432 vero,
584 3395 623 3427 et
645 3387 907 3429 minutissima
935 3390 1134 3437 animalia,

291 3448 325 3478 et
346 3441 535 3493 quidquid
557 3441 752 3480 radicibus
771 3450 884 3482 terrae
912 3443 1091 3488 inhaeret,
1113 3457 1135 3483 a

291 3495 397 3533 mala
426 3504 556 3534 mente
575 3495 682 3547 gigni
701 3503 740 3535 et
758 3495 930 3544 formari,
949 3499 1045 3544 276,
1067 3499 1135 3547 69,

293 3561 331 3587 n.
371 3549 528 3587 Herbas
556 3562 693 3589 omnes
715 3557 836 3603 atque
865 3552 1021 3591 arbores
1046 3566 1134 3592 sen·

293 3603 378 3646 tire,
399 3609 437 3641 et
467 3603 583 3642 laesas
610 3603 741 3643 dolere
770 3604 967 3652 dicebant,
997 3607 1067 3652 39,
1097 3613 1138 3647 et

293 3669 332 3695 n.
353 3656 496 3710 quippe
524 3670 616 3710 quae
640 3658 857 3711 particulas
892 3660 966 3699 Dei
998 3660 1136 3714 proelio

292 3719 429 3765 captas
449 3724 468 3749 a
490 3718 606 3764 gente
625 3713 887 3763 tenebrarum,
903 3716 990 3755 105.
1013 3715 1137 3768 (mala

1975 217 2077 268 81⁸²

1235 369 1293 396 sc.
1314 353 1478 407 natura)
1500 353 1542 394 in
1567 366 1610 395 se
1639 352 1848 406 colligatas
1875 350 2084 397 haberent,

1237 410 1304 451 40.
1341 421 1442 463 quas
1465 407 1626 462 quidem
1654 407 1871 463 particulas
1889 410 1902 430 ⁴
1924 405 2081 446 Electo-

1237 477 1323 505 rum
1341 462 1598 511 sanctorum,’
1614 463 1733 503 dente
1763 475 1811 502 ac
1830 467 1964 502 ventre
1982 459 2086 501 libe·

1244 516 1336 563 rari,
1357 518 1424 557 41.

1298 571 1499 613 Christum
1515 582 1631 625 porro
1652 569 1868 610 credebant
1894 574 2086 621 tanquam

1242 627 1293 667 de
1321 638 1450 666 massa.
1477 624 1732 665 lucidissimae
1761 623 1876 663 molis
1897 623 1977 663 Dei
1998 635 2089 677 por·

1243 687 1392 720 rectum
1421 680 1472 720 ad
1501 686 1673 719 nostram
1702 677 1884 726 salutem,
1913 678 1980 717 76.
2018 689 2088 717 ne·

1238 747 1315 789 que
1345 748 1434 775 vere
1470 734 1510 774 in
1542 745 1661 774 carne
1694 739 1831 772 natum
1869 732 1919 772 de
1954 732 2088 771 Maria

1240 789 1403 841 virgine,
1432 790 1499 835 77,
1533 789 1600 828 72.
1638 787 1706 826 sed
1741 786 2013 826 tantummodo
2049 786 2089 825 iu

1239 844 1369 884 carnis
1385 843 1685 898 phantasmate;
1715 842 1754 880 in
1776 855 1855 895 quo
1875 854 1964 880 eum
1986 840 2089 880 dice-

1239 899 1337 939 bant
1355 898 1602 943 crucifixum,
1623 898 1691 941 72,
1712 902 1751 935 et
1770 910 1810 936 n.
1832 897 1896 935 76.

1298 953 1499 992 Laudatos
1527 952 1567 991 in
1598 952 1691 991 Vet.
1710 951 1816 990 Test.
1838 947 2091 990 Patriarchas

1243 1005 1529 1060 vituperabant.
1549 1007 1617 1052 35,
1632 1007 1700 1052 36.
1718 1012 1759 1045 et
1779 1018 1820 1045 n.
1862 1005 1899 1044 N
1904 1017 1967 1043 ov.
1981 1003 2092 1042 Test.

1251 1060 1471 1114 Scripturas
1485 1062 1647 1100 falsatas
1657 1073 1739 1100 esse
1751 1060 1952 1104 dicebant,
1966 1070 2090 1111 quum

1245 1122 1376 1155 tamen
1397 1116 1468 1169 ipsi
1482 1116 1707 1169 incorrupta
1722 1113 1963 1168 exemplaria
1978 1111 2091 1152 nulla

1246 1171 1478 1223 proferrent,
1500 1171 1568 1218 77,
1587 1177 1627 1209 et
1644 1183 1686 1209 n.

1300 1226 1350 1264 In
1382 1225 1484 1264 hanc
1513 1224 1669 1264 haresin
1699 1222 1904 1277 prolapsus
1925 1221 2026 1272 Aug.
2051 1219 2091 1258 in

1246 1291 1293 1317 ea
1311 1293 1379 1332 per
1395 1279 1628 1319 novennium
1643 1279 1855 1321 volutatur,
1870 1277 1920 1315 ab
1941 1288 2006 1313 an.
2024 1282 2090 1313 aet.

1244 1333 1311 1371 xix
1333 1347 1416 1386 usq.
1439 1334 1489 1372 ad
1509 1334 1645 1373 xxviii.
1666 1334 1732 1379 45,
1754 1333 1821 1378 43,
1838 1332 1905 1379 31,
1927 1344 1967 1369 n.

1193 1388 1307 1426 Mare
1329 1389 1438 1440 quid,
1455 1389 1550 1427 260.
1573 1387 1676 1426 Mari
1697 1393 1946 1439 comparatur
1965 1397 2090 1434 genus

1244 1441 1478 1488 humanum,
1491 1442 1582 1481 vitio
1598 1441 1710 1494 primi
1721 1440 1890 1479 hominis
1899 1439 2091 1492 profunde

1244 1496 1454 1543 curiosum,
1480 1497 1695 1547 procellose
1723 1495 1933 1540 tumidum,
1962 1502 2001 1532 et
2031 1493 2090 1531 in-

1243 1550 1435 1589 stabiliter
1463 1551 1643 1594 fluidum,
1671 1551 1767 1589 265.
1806 1550 1945 1588 Altera
1975 1546 2092 1586 maris

1244 1604 1455 1657 allegorica
1474 1605 1681 1659 expositio,
1701 1605 1796 1643 260.

1193 1659 1415 1711 Martyrum
1459 1659 1680 1706 Memoriae,
1718 1656 1913 1704 Oratoria,
1947 1658 2014 1702 71,
2052 1661 2092 1693 et

1247 1726 1286 1752 n.
1308 1716 1374 1752 83.
1395 1715 1434 1752 in
1454 1714 1500 1753 iis
1521 1728 1596 1754 non
1619 1712 1879 1766 Martyribus,
1900 1712 1968 1749 sed
2001 1711 2092 1749 Deo

1245 1769 1468 1821 Martyrum
1482 1769 1755 1808 sacrificabant
1771 1765 2002 1807 Christiani.
2016 1765 2094 1803 vid.

1245 1829 1281 1860 et
1303 1824 1370 1868 83,
1392 1836 1430 1862 n.

1191 1876 1365 1916 Materia
1396 1876 1572 1916 informis
1603 1889 1680 1915 non
1707 1882 1765 1914 est
1790 1874 1949 1913 omnino
1976 1872 2089 1915 nihil,

1245 1931 1340 1970 227.
1369 1933 1437 1971 sed
1459 1931 1630 1970 medium
1648 1930 1742 1983 quid
1762 1931 1860 1968 inter
1880 1929 2090 1966 formatum

1247 1992 1286 2023 et
1323 1985 1434 2032 nihil,
1468 1987 1549 2024 228
1585 1999 1646 2038 sq.
1702 1985 1878 2023 Conetur
1915 1982 2093 2021 humana

1247 2051 1359 2077 mens
1392 2054 1478 2079 eam
1515 2039 1577 2077 vel
1620 2051 1730 2078 nosse
1764 2037 1995 2090 ignorando,
2028 2035 2090 2074 vel

1246 2092 1423 2145 ignorare
1449 2093 1660 2139 noscendo,
1680 2094 1778 2132 227.
1827 2091 1928 2130 facta
1958 2097 2016 2129 est
2043 2103 2092 2128 ex

1248 2147 1385 2192 nihilo,
1406 2155 1444 2187 et
1463 2161 1509 2187 ex
1531 2147 1605 2186 hac
1624 2148 1769 2190 omnia,
1791 2147 1870 2185 228
1894 2158 1952 2197 sq.

1196 2201 1572 2242 Mathematicorum
1610 2201 1886 2246 divinationes,
1926 2200 1993 2244 47,
2026 2199 2093 2243 48,

1242 2257 1334 2295 109.

1187 2309 1434 2349 Matrimonii
1464 2309 1503 2347 in
1536 2308 1664 2347 officio
1699 2308 1872 2361 regendi,
1901 2314 1942 2346 et
1970 2306 2092 2345 susci-

1244 2363 1476 2416 piendorum
1496 2363 1706 2402 liberorum
1729 2362 1936 2415 conjugale
1957 2360 2091 2407 decus,

1245 2419 1312 2456 99.
1351 2418 1518 2456 Tabulae
1538 2418 1855 2462 matrimoniales,
1880 2416 1970 2454 159.

1193 2471 1341 2510 Medea
1362 2472 1514 2515 volans,
1535 2473 1603 2510 34.

1194 2526 1405 2571 Mediator,
1437 2526 1644 2578 oportebat
1675 2532 1719 2564 ut
1749 2524 1911 2563 haberet
1942 2522 2091 2572 aliquid

1249 2581 1338 2619 Deo
1368 2580 1508 2626 simile,
1530 2588 1568 2618 et
1597 2580 1744 2632 aliquid
1773 2578 1897 2617 simile
1921 2576 2091 2616 homini-

1247 2634 1333 2674 bus.
1398 2634 1577 2674 Christus
1609 2647 1723 2672 verax
1764 2632 1970 2678 mediator,
2006 2631 2091 2670 dia-

1246 2688 1362 2728 bolus
1381 2689 1570 2727 mediator
1588 2687 1727 2732 fallax,
1746 2689 1840 2725 202.

1192 2742 1385 2782 Melodiae
1421 2743 1567 2782 utilitas
1598 2743 1637 2780 in
1667 2739 1930 2781 ecclesiastico
1958 2747 2093 2785 cantu,

1251 2798 1340 2835 193.
1398 2797 1470 2835 hac
1510 2798 1636 2849 potius
1674 2810 1794 2849 quam
1834 2795 1950 2835 rebus
1987 2794 2093 2833 alli'ci

1253 2858 1455 2904 peccatum
1476 2859 1548 2895 est,
1572 2852 1662 2890 192.

1197 2906 1403 2944 Memoriae
1451 2906 1520 2950 vis,
1563 2906 1655 2950 173,
1698 2905 1790 2943 180.

1251 2959 1398 2999 habent
1417 2973 1560 3013 pecora
1579 2966 1618 2999 et
1636 2971 1741 2998 aves.
1762 2958 1816 2996 ib.

1196 3014 1401 3053 Memoriae
1440 3021 1669 3067 martyrum,
1703 3013 1768 3056 83,
1799 3013 1866 3050 71.
1925 3010 1989 3048 Ad
2027 3022 2094 3047 eas

1247 3068 1446 3107 Dominici
1471 3069 1642 3121 corporis
1661 3066 1961 3106 communicatio
1990 3063 2091 3102 cele-

1245 3122 1350 3160 brari
1379 3123 1507 3169 solita,
1534 3123 1600 3160 84.
1661 3121 1810 3174 Epulas
1840 3119 1934 3158 illuc
1966 3117 2093 3156 afferri

1246 3183 1351 3214 vetat
1371 3176 1614 3218 Ambrosius,
1634 3176 1700 3214 83.

1191 3229 1389 3268 Memoria
1421 3229 1610 3282 Cypriani
1638 3226 1819 3280 martyris
1847 3238 1925 3264 non
1954 3224 2088 3279 procul

1245 3295 1269 3320 a
1289 3283 1402 3328 mari,
1421 3284 1467 3322 71
1479 3311 1489 3321 .

1192 3337 1383 3376 Mensura
1402 3337 1602 3390 temporis,
1617 3337 1715 3375 223.
1948 3385 1956 3392 ·
1980 3384 1987 3391 ι
2080 3384 2088 3392 ·

1192 3390 1343 3430 Merita
1362 3404 1452 3430 vera
1485 3391 1684 3430 hominum
1707 3401 1784 3427 non
1804 3393 1894 3427 sunt
1919 3398 1990 3424 nist
2014 3385 2092 3424 Dei

1246 3458 1424 3490 munera,
1448 3447 1541 3492 166,
1560 3455 1599 3484 et
1618 3459 1659 3484 n.
1677 3444 1774 3485 249.
1800 3441 1893 3480 157.

1193 3499 1329 3538 Metus
1349 3507 1388 3538 et
1406 3500 1605 3553 appetitus
1622 3498 1836 3538 facinorum
1858 3504 2007 3554 causae,
2024 3492 2092 3554 23.

1195 3553 1372 3593 Minister
1394 3554 1471 3592 Dei
1492 3554 1663 3607 optimus
1683 3551 1783 3605 quis.
1804 3549 1895 3588 186.
1950 3547 2089 3585 Minis-

1245 3607 1315 3646 tris
1331 3607 1518 3647 Ecclesiae
1546 3607 1718 3647 subsidia
1747 3602 1919 3659 corporis
1944 3601 2092 3640 deben-

1247 3667 1323 3708 tur,
1338 3662 1434 3700 272.

1195 3715 1394 3756 Miracula
1425 3715 1526 3755 facta
1549 3714 1587 3754 in
1609 3713 1858 3754 translatione
1888 3721 2093 3763 corporum

1855 2901 2090 2942 Memoriam
