2378 4134
194 563 301 620 Eph.
319 565 362 612 4,

197 622 262 661 13.
290 622 350 662 14.

246 1781 327 1822 VI.

190 1838 367 1878 Faustus

191 1893 274 1933 elo·

189 1962 333 2002 quens,

191 2006 263 2045 sed
289 2006 334 2045 li-

190 2060 307 2101 bera-

189 2116 288 2156 lium
302 2117 384 2157 dis-

190 2173 364 2227 ciplina-

192 2241 281 2268 rum
305 2243 372 2269 ex-

190 2298 298 2339 pers.

397 245 468 295 68
871 244 926 297 S.
969 244 1414 299 AUGUSTINI
1454 245 1814 300 EPISCOPI

396 376 592 430 nacius
616 377 883 431 affirmare
909 377 1108 433 audeat
1134 378 1285 450 quod
1310 379 1541 449 ignorat.
1606 379 1717 434 Sed
1735 380 1900 433 etiam
1920 379 2045 433 talis
2069 379 2296 432 infirmi—

397 470 483 518 tas
508 464 567 516 in
593 462 727 517 fidei
751 459 1040 520 cunabulis
1059 485 1092 519 a
1108 466 1371 520 charitate
1396 474 1567 520 matre
1593 467 1906 532 sustinetur,
1927 466 2101 521 donec
2122 485 2297 520 assur-

400 557 494 620 gat
516 569 692 605 novus
717 552 883 605 homo
909 554 971 606 in
995 555 1178 607 virum
1196 556 1532 624 perfectum,
1551 562 1606 607 et
1622 556 1975 625 circumferri
1991 573 2105 607 non
2124 555 2301 626 possit

400 643 552 694 omni
576 648 734 694 vento
771 641 1052 694 doctrinae.
1131 643 1199 694 In
1238 643 1335 694 illo
1375 650 1557 696 autem
1593 643 1689 714 qui
1727 642 1935 708 doctor,
1963 643 2060 713 qui
2093 650 2300 707 auctor,

401 730 497 801 qui
522 730 639 783 dux
665 737 720 783 et
744 730 1004 801 princeps
1030 750 1217 784 eorum
1245 732 1449 803 quibus
1474 731 1570 786 illa
1595 731 1862 797 suaderet,
1887 732 1966 784 ita
1990 731 2110 784 fieri
2136 749 2300 784 ausus

401 825 501 882 est,
541 827 601 871 ut
642 818 737 888 qui
783 835 907 870 cum
955 826 1327 888 sequerentur,
1367 837 1481 872 non
1527 819 1826 890 quemlibet
1865 819 2163 884 hominem,
2205 816 2301 871 sed

400 905 666 974 Spiritum
696 912 847 957 tuum
886 911 1137 958 sanctum
1176 924 1234 959 se
1274 907 1430 977 sequi
1471 907 1886 971 arbitrarentur3
1937 906 2062 977 quis
2095 912 2299 959 tantam

398 991 747 1056 dementiam,
782 992 962 1045 sicubi
998 993 1136 1045 falsa
1175 992 1384 1046 dixisse
1424 994 1854 1060 convinceretur,
1881 1012 1993 1046 non
2031 993 2299 1045 detestan-

396 1077 522 1132 dam
560 1081 834 1149 longeque
872 1078 1240 1150 abjiciendam
1275 1099 1394 1134 6886
1423 1079 1734 1151 judicaret?
1804 1080 1915 1134 Sed
1946 1089 2129 1134 tamen
2163 1099 2299 1133 non-

397 1165 526 1218 dum
552 1165 766 1236 liquido
795 1185 1167 1236 compereram
1203 1175 1383 1220 utrum
1423 1168 1588 1221 etiam
1626 1168 1930 1220 secundum
1970 1168 2087 1239 ejus
2120 1169 2301 1232 verba,

398 1252 806 1306 vicissitudines
831 1254 1139 1322 longiorum
1168 1262 1222 1307 et
1259 1255 1570 1308 breviorum
1597 1254 1806 1307 dierum
1847 1262 2011 1326 atque
2037 1255 2301 1320 noctium,

396 1348 451 1393 et
482 1340 659 1409 ipsius
692 1342 871 1394 noctis
912 1348 966 1394 et
1000 1341 1127 1408 diei,
1155 1350 1208 1395 et
1244 1342 1490 1413 deliquia
1526 1343 1816 1409 luminum,
1844 1351 1898 1396 et
1925 1344 1970 1396 si
1999 1343 2135 1414 quid
2160 1343 2301 1414 ejus-

395 1426 547 1479 modi
573 1428 631 1480 in
660 1429 783 1481 aliis
808 1429 967 1481 libris
992 1430 1251 1497 legeram,
1271 1437 1460 1499 posset
1485 1431 1693 1501 exponi
1708 1451 1721 1495 ;
1762 1438 1840 1497 ut,
1863 1431 1909 1483 si
1936 1431 2071 1483 forte
2097 1439 2303 1500 posset,

396 1515 669 1568 incertum
707 1516 931 1586 quidem
966 1517 1104 1569 mihi
1133 1517 1288 1570 fieret
1313 1524 1495 1570 utrum
1522 1518 1600 1571 ita
1627 1537 1683 1572 se
1710 1537 1796 1571 res
1822 1519 2067 1582 haberet,
2095 1537 2165 1571 an
2190 1536 2302 1571 non

395 1602 473 1656 ita
496 1623 508 1667 3
551 1603 649 1656 sed
675 1603 745 1656 ad
771 1604 938 1657 fidem
966 1623 1143 1656 meam
1181 1605 1331 1657 illius
1369 1605 1766 1671 auctoritatem,
1791 1612 2018 1676 propter
2043 1605 2302 1658 creditam

399 1688 764 1753 sanctitatem,
791 1707 1185 1759 praeponerem.

478 1780 564 1828 10.
614 1777 692 1829 Et
729 1795 828 1846 per
867 1795 1042 1829 annos
1079 1777 1245 1829 ferme
1294 1778 1446 1847 ipsos
1485 1797 1702 1842 novem,
1744 1778 1946 1848 quibus
1986 1796 2081 1830 eos
2121 1778 2303 1831 animo

398 1862 759 1931 vagabundus
786 1864 990 1928 audivi,
1017 1864 1182 1916 nimis
1210 1871 1435 1916 extento
1468 1863 1738 1917 desiderio
1764 1873 2048 1918 venturum
2074 1884 2303 1936 exspec-

398 1952 582 2004 tabam
621 1950 788 2003 istum
828 1953 1108 2004 Faustum.
1190 1951 1388 2005 Caeteri
1440 1952 1587 2004 enim
1637 1971 1842 2017 eorum,
1882 1953 1940 2004 in
1991 1972 2130 2024 quos
2168 1953 2304 2006 forte

398 2038 766 2103 incurrissem,
808 2040 903 2109 qui
953 2039 1146 2092 talium
1194 2057 1373 2091 rerum
1425 2039 1824 2109 quaestionibus
1865 2059 1896 2092 a
1938 2059 2025 2092 1116
2075 2039 2305 2110 objectis

399 2125 750 2189 deficiebant,
766 2126 925 2178 illum
951 2126 1087 2177 mihi
1114 2126 1524 2195 promittebant,
1543 2127 1699 2198 cujus
1727 2127 1966 2180 adventu
1994 2129 2303 2198 collatoque

401 2215 679 2285 colloquio
707 2215 967 2268 facillime
994 2216 1128 2266 mihi
1156 2217 1296 2281 haec,
1319 2225 1373 2269 et
1399 2217 1444 2269 si
1473 2235 1584 2287 qua
1610 2217 1744 2269 forte
1762 2216 1866 2286 maj
1876 2236 1969 2269 ora
1989 2236 2304 2287 quaererem,

401 2301 790 2355 enodatissime
837 2301 1243 2372 expedirentur.
1322 2305 1475 2371 Ergo
1524 2304 1621 2356 ubi
1670 2304 1837 2370 venit,
1876 2312 2136 2374 expertus
2185 2323 2304 2357 sum

396 2389 677 2441 hominem
725 2397 938 2457 gratum
982 2394 1037 2442 et
1079 2389 1390 2461 jucundum
1435 2391 1634 2456 verbiS,
1678 2397 1732 2443 et
1777 2409 1842 2444 ea
1884 2391 2009 2461 ipsa
2053 2411 2177 2462 quae
2221 2391 2304 2443 illi

399 2479 578 2529 solent
613 2477 815 2541 dicere,
841 2478 1015 2530 multo
1045 2479 1268 2531 suavius
1308 2479 1650 2547 garrientem.
1731 2479 1842 2532 Sed
1870 2479 2006 2549 quid
2031 2479 2102 2532 ad
2126 2497 2305 2531 meam

398 2565 547 2618 sitim
607 2564 992 2634 pretiosiorum
1053 2567 1380 2634 poculorum
1443 2565 1861 2619 decentissimus
1923 2566 2255 2619 ministrator
2283 2564 2302 2618 ?

397 2654 523 2706 Jam
562 2654 726 2705 rebus
766 2652 968 2705 talibus
1010 2653 1219 2706 satiatae
1260 2660 1413 2707 erant
1451 2672 1610 2707 aures
1648 2672 1816 2707 mcae:
1858 2672 1960 2707 1166
2000 2653 2129 2707 ideo
2166 2653 2303 2705 mihi

399 2740 626 2792 meliora
663 2739 1007 2805 videbantur,
1049 2740 1181 2810 quia
1218 2742 1416 2793 melius
1455 2740 1821 2806 dicebantur3
1874 2759 1976 2794 nec
2015 2740 2140 2794 ideo
2179 2759 2306 2793 vera

400 2827 532 2897 quia
566 2826 799 2879 diserta:
853 2845 956 2879 nec
995 2826 1120 2879 ideo
1157 2828 1378 2898 sapiens
1417 2828 1617 2893 anima,
1641 2828 1779 2899 quia
1811 2830 1994 2881 vultus
2030 2846 2305 2896 congruus

399 2917 456 2963 et
474 2910 732 2963 decorum
759 2912 1056 2981 eloquium.
1126 2912 1218 2963 Illi
1246 2918 1427 2964 autem
1457 2913 1552 2982 qui
1580 2931 1706 2964 eum
1731 2912 1868 2963 mihi
1894 2913 2303 2981 promittebant,

398 3015 511 3050 non
546 2998 681 3050 boni
714 3015 892 3049 rerum
925 2998 1328 3051 existimatores
1368 3006 1556 3064 erant3
1616 3005 1671 3051 et
1707 2997 1833 3050 ideo
1868 2998 1980 3051 illis
2018 2998 2304 3053 videbatur

397 3083 640 3155 prudens
666 3092 721 3136 ct
749 3085 988 3154 sapienS,
1007 3085 1139 3156 quia
1165 3085 1477 3139 delectabat
1503 3105 1597 3139 eos
1622 3086 1873 3156 loquens.
1935 3087 2094 3140 Sensi
2122 3096 2303 3141 autem

399 3171 551 3224 aliud
579 3190 752 3240 genus
779 3172 1065 3224 hominum
1093 3172 1257 3225 etiam
1283 3173 1565 3226 veritatem
1593 3173 1793 3226 habere
1820 3182 2152 3244 suspectam,
2170 3183 2225 3228 et
2249 3161 2299 3228 ei

397 3260 544 3312 nolle
571 3259 923 3330 acquiescere
951 3259 997 3311 si
1026 3267 1247 3329 compto
1276 3266 1442 3330 atque
1478 3260 1632 3312 uberi
1667 3277 1914 3313 sermone
1948 3269 2300 3330 promeretur.

398 3347 497 3399 Me
525 3354 707 3399 autem
727 3346 845 3419 jam
873 3346 1155 3412 docueraS,
1184 3347 1342 3399 Deus
1369 3365 1542 3411 1116118,
1568 3346 1720 3399 1111118
1747 3355 1801 3400 et
1826 3349 2060 3402 occultis
2086 3348 2301 3414 modis;

399 3440 455 3486 et
476 3443 771 3505 propterea
798 3434 960 3488 credo
998 3433 1148 3505 quod
1173 3441 1233 3487 tu
1258 3453 1345 3486 me
1381 3433 1651 3498 docueris,
1680 3435 1941 3505 quoniam
1978 3454 2166 3488 verum
2203 3443 2303 3502 est,

398 3539 502 3574 nec
539 3522 832 3592 quisquam
870 3530 1067 3593 praeter
1099 3529 1153 3575 te
1188 3522 1327 3575 alius
1365 3529 1449 3574 est
1486 3520 1676 3574 doctor
1713 3523 1843 3587 veri,
1878 3524 2212 3593 ubicumque
2249 3530 2304 3576 et

399 3609 785 3682 undecumque
827 3609 1116 3665 cla1·uerit³.
1193 3613 1320 3665 Jam
1359 3629 1490 3680 ergo
1529 3613 1628 3664 abs
1667 3619 1719 3664 te
1755 3611 2070 3677 didiceram,
2097 3630 2198 3665 nec
2235 3631 2300 3666 eo

401 3695 600 3750 debere
627 3697 800 3751 videri
826 3698 1039 3770 aliquid
1065 3717 1252 3751 verum
1279 3697 1408 3764 dici,
1429 3699 1562 3769 quia
1588 3700 1906 3770 eloquenter
1931 3698 2156 3764 dicitur3
2196 3717 2299 3752 nec

990 3800 1006 3832 ¹
1037 3804 1134 3848 vid.
1155 3806 1207 3846 L.
1226 3803 1291 3847 vii.
1312 3805 1350 3858 ᾗ.
1370 3807 1436 3847 15.
1457 3811 1498 3847 et
1517 3811 1597 3847 not.
1618 3805 1717 3847 ibid.
