2378 4134
13 0 149 86 v

539 211 1145 270 CONFESSIONUM
1181 210 1424 264 LIBER
1459 211 1526 262 V.

1895 211 1962 260 81

117 348 260 420 phis‚
297 346 444 419 quod
481 346 597 399 sine
636 345 854 398 nomine
894 342 1113 397 salutari
1153 341 1357 396 Christi
1398 345 1596 404 essent,
1635 339 1967 392 curationem

116 435 390 503 languoris
414 433 605 487 animae
630 450 763 485 meae
790 432 1120 485 committere
1145 429 1364 482 omnino
1388 428 1721 480 recusabam.
1788 426 1966 480 Statui

117 538 244 588 ergo
280 518 485 572 tamdiu
520 535 638 570 esse
685 517 1106 570 catechumenus
1141 514 1199 567 in
1238 513 1508 567 catholica
1543 512 1797 564 Ecclesia
1831 511 1968 564 mihi

117 624 152 659 a
183 604 494 676 parentibus
531 601 920 666 commendata,
959 601 1132 654 donec
1170 599 1380 670 aliquid
1419 597 1551 651 certi
1590 598 1825 650 eluceret
1861 614 1969 666 quo

118 708 331 744 cursum
356 689 652 756 dirigerem.

178 974 291 1014 Hauc
312 973 400 1012 vitae
421 979 567 1026 partem
588 970 813 1011 summatim
841 978 1017 1011 recenset

121 1029 226 1081 Aug.
260 1031 301 1067 in
330 1028 400 1067 lib.
430 1027 482 1066 de
514 1027 602 1066 util.
639 1025 825 1065 credendi
863 1029 924 1080 (c.
953 1027 1016 1077 8.)

120 1084 153 1123 si
186 1084 316 1122 forsan
350 1083 551 1122 Honorato
582 1081 684 1120 viam
719 1080 885 1119 eandem
920 1079 1017 1119 inire

119 1136 380 1192 persuadeat:
426 1135 607 1189 quaedam
640 1142 769 1174 autem
799 1133 920 1173 habet
948 1133 1018 1172 illa

122 1191 303 1235 narratio.
347 1203 435 1243 quae
483 1189 573 1228 huic
621 1189 747 1228 lucem
797 1187 1016 1227 affundant.

121 1251 150 1269 ⁴⁸
174 1247 302 1286 Edam
333 1245 403 1284 tibi
432 1251 474 1283 ut
494 1242 898 1297 possuni,cujusmodi
915 1242 1015 1281 viam

119 1313 214 1340 usus
251 1301 401 1344 fuerim,
437 1311 525 1338 curn
557 1311 604 1338 eo
640 1298 770 1336 animo
801 1309 1015 1349 quaererem

121 1367 250 1394 veram
273 1354 514 1406 religionem,
532 1365 610 1404 quo
626 1365 729 1391 nunc
749 1350 912 1404 exposui
932 1363 1018 1390 esse

121 1408 388 1462 quaerendam.
430 1408 485 1447 Ut
505 1408 607 1446 enim
631 1405 775 1446 avobis
788 1413 897 1444 trans
911 1416 1018 1444 mare

125 1462 307 1506 abscessi,
322 1462 406 1515 jam
427 1460 726 1500 cunctabundus
756 1467 875 1512 atque
906 1458 1018 1497 haesi-

123 1523 226 1562 tans,
254 1517 349 1570 quid
381 1516 475 1555 mihi
505 1514 734 1558 tenendum.
761 1513 856 1565 quid
886 1512 1018 1552 dimit-

122 1571 282 1611 tendum
316 1577 441 1611 esset:
484 1583 571 1622 quae
607 1569 703 1607 mihi
742 1569 940 1608 cunctatio
978 1569 1016 1607 in

122 1626 207 1665 dies
226 1625 346 1677 major
365 1624 625 1667 oboriebatur,
646 1635 693 1661 ex
713 1635 791 1675 quo
817 1623 928 1661 illurn
950 1622 1017 1661 ho-

122 1679 283 1724 minem,
303 1678 414 1730 cujus
445 1678 556 1717 nobis
586 1677 795 1722 adventus,
826 1683 870 1716 ut
900 1677 1016 1723 nosti,

123 1733 174 1772 ad
192 1732 428 1787 explicanda
447 1732 579 1772 omnia
594 1745 683 1784 quae
702 1743 772 1770 nos
790 1732 1018 1778 movebant,

124 1789 235 1840 quasi
282 1788 330 1826 de
378 1787 475 1826 caelo
518 1787 828 1840 promittebatur,
867 1785 1015 1832 audivi,

123 1855 291 1894 eumque
319 1849 483 1894 excepta
507 1840 679 1892 quadam
709 1840 936 1892 eloquentia
958 1847 1017 1878 ta-

125 1896 202 1935 lem
225 1896 362 1948 quales
390 1903 538 1934 ceteros
565 1907 650 1933 esse
678 1895 870 1944 cognovi3
902 1894 1018 1933 ratio-

125 1963 214 1989 nem
237 1951 317 2004 ipse
338 1963 490 1989 mecum
509 1949 627 1987 habui
645 1961 907 2000 magnamque
920 1948 1018 1987 deli-

123 2005 364 2044 berationem
381 2004 463 2055 jam
484 2004 523 2042 in
542 2003 661 2041 Italia
675 2003 923 2048 constitutus,
939 2016 1017 2042 non

125 2066 252 2097 utrum
285 2071 481 2097 manerem
508 2058 548 2096 in
578 2058 648 2095 illa
677 2064 800 2102 secta,
830 2058 869 2096 in
898 2070 1016 2108 quam

123 2125 187 2152 me
234 2113 413 2152 incidisse
459 2111 692 2165 poenitebat,
732 2111 802 2150 sed
844 2124 1018 2163 quonam

124 2167 240 2206 modo
260 2179 390 2206 verum
411 2165 689 2204 inveniendum
710 2173 826 2212 esset,
848 2166 886 2204 in
905 2165 1018 2217 cujus

126 2234 294 2260 amorem
315 2220 479 2273 suspiria
498 2233 587 2259 mea
607 2219 705 2258 nulli
729 2220 872 2260 melius
898 2233 1015 2271 quarn

125 2275 195 2314 tibi
234 2283 326 2314 nota
361 2282 462 2314 sunt.
525 2275 638 2328 Saepe
679 2274 772 2312 mihi
811 2274 1019 2313 videbatur

126 2342 202 2368 non
253 2342 362 2381 posse
401 2328 579 2375 inveniri,
621 2329 830 2380 magnique
880 2329 1020 2367 fluctus

127 2385 408 2426 cogitationum
428 2396 600 2422 mearum
630 2382 671 2421 in
692 2383 1019 2422 Academicorum

127 2436 354 2490 suffragium
374 2437 609 2476 ferebantur.
667 2438 780 2490 Saepe
806 2449 938 2476 rursus
962 2437 1022 2477 in-

127 2498 241 2531 tuens
259 2498 451 2542 quantum
474 2499 663 2544 poteram,
683 2498 855 2530 mentem
886 2491 1023 2530 huma-

130 2558 222 2586 nam
258 2553 337 2584 tam
373 2546 563 2591 vivacem,
598 2551 677 2583 tam
712 2558 911 2598 sagacem,
943 2553 1024 2585 tam

1069 970 1350 1025 perspicacem,
1371 983 1447 1008 non
1470 970 1659 1024 putabam
1685 969 1808 1009 latere
1830 971 1971 1009 verita-

1070 1032 1166 1072 tem,
1200 1024 1274 1064 nisi
1304 1025 1411 1077 quod
1439 1025 1476 1063 in
1507 1037 1556 1063 ea
1593 1024 1796 1077 quaerendi
1830 1025 1972 1064 modus

1073 1079 1228 1125 lateret,
1265 1080 1516 1131 eundemque
1554 1079 1682 1132 ipsum
1722 1079 1882 1118 modum
1921 1080 1971 1119 ab

1075 1133 1209 1186 aliqua
1247 1133 1380 1173 divina
1420 1133 1650 1173 auctoritate
1689 1147 1774 1173 esse
1812 1148 1972 1174 sumen-

1072 1187 1181 1227 dum.
1240 1188 1438 1227 Restabat
1466 1201 1655 1240 quaerere,
1685 1201 1866 1241 qua‘nam
1904 1189 1974 1228 illa

1072 1251 1174 1281 esset
1204 1243 1439 1291 auctoritas3
1471 1255 1560 1282 cum
1596 1244 1635 1282 in
1668 1244 1786 1283 tantis
1821 1243 1974 1283 dissen-

1073 1297 1248 1335 sionibus
1293 1310 1335 1336 se
1374 1300 1541 1349 quisque
1581 1297 1692 1336 illam
1733 1298 1971 1338 traditurum

1071 1351 1335 1404 polliceretur.
1393 1351 1640 1390 Occurrebat
1667 1352 1783 1404 igitur
1805 1352 1972 1406 inexpli-

1071 1405 1211 1444 cabilis
1234 1405 1349 1451 silva,
1378 1406 1442 1444 cui
1471 1406 1631 1445 demum
1660 1406 1776 1446 inseri
1803 1408 1973 1447 multum

1070 1458 1254 1513 pigebat3
1284 1467 1402 1511 atque
1417 1460 1517 1499 inter
1533 1460 1617 1499 haec
1631 1458 1713 1500 sine
1727 1462 1810 1500 ulla
1825 1463 1974 1514 requie,

1073 1514 1290 1566 cupiditate
1318 1514 1536 1568 reperiendi
1556 1515 1636 1554 veri
1665 1516 1820 1555 animus
1849 1518 1974 1566 agita-

1073 1568 1200 1608 batur.
1264 1569 1504 1608 Dissuebam
1555 1582 1617 1608 me
1666 1578 1799 1609 tamen
1847 1571 1975 1622 magis

1073 1623 1279 1676 magisque
1316 1624 1367 1662 ab
1405 1623 1503 1669 istis,
1543 1637 1640 1676 quos
1668 1624 1754 1677 jam
1796 1625 1974 1665 deserere

1073 1691 1367 1731 proposueram.
1440 1679 1636 1718 Restabat
1683 1686 1815 1718 autem
1864 1680 1975 1719 aliud

1074 1732 1170 1771 nihil
1190 1733 1228 1770 in
1250 1733 1370 1772 tantis
1389 1733 1582 1785 periculis,
1600 1746 1719 1785 quam
1738 1741 1781 1772 ut
1797 1734 1975 1774 divinam

1073 1787 1358 1840 providentiam
1381 1787 1610 1838 lacrymosis
1628 1796 1668 1826 et
1688 1789 1977 1828 miserabilibus

1074 1842 1248 1886 vocibus,
1269 1849 1313 1880 ut
1330 1855 1442 1893 opem
1466 1842 1557 1880 mihi
1579 1842 1710 1890 ferret,
1732 1843 1976 1896 deprecarer.

1076 1895 1210 1947 Atque
1239 1896 1280 1934 id
1302 1897 1440 1935 sedulo
1466 1896 1656 1935 faciebam
1679 1913 1687 1935 :
1719 1905 1758 1936 et
1780 1898 1863 1950 jam
1894 1898 1976 1937 sere

1076 1962 1138 1988 me
1159 1957 1452 1990 commoverant
1468 1951 1667 1990 uonnullae
1689 1951 1977 2002 disputationes

1075 2004 1388 2044 Mediolanensis
1412 2006 1599 2058 episcopi,
1619 2014 1662 2044 ut
1688 2019 1765 2045 non
1794 2007 1877 2045 sine
1906 2021 1976 2060 spe

1074 2058 1207 2112 aliqua
1228 2059 1277 2098 de
1307 2062 1392 2113 ipsa
1413 2068 1540 2099 vetere
1562 2061 1816 2101 'testamento
1847 2062 1974 2100 multa

1072 2126 1245 2164 quaerere
1281 2127 1479 2167 cuperem,
1518 2128 1623 2166 quae,
1666 2123 1707 2154 ut
1746 2116 1835 2161 scis,
1870 2116 1976 2155 male

1074 2168 1186 2206 nobis
1212 2169 1487 2208 commendata
1516 2171 1834 2209 exsecrabamur.
1893 2171 1975 2209 De-

1073 2234 1348 2275 creveramque
1377 2223 1528 2262 tamdiu
1557 2237 1640 2263 esse
1669 2225 1978 2265 catechumenus

1076 2276 1114 2315 in
1151 2277 1342 2322 Ecclesia,
1379 2279 1442 2317 cui
1482 2279 1648 2317 traditus
1686 2292 1709 2318 a
1747 2281 1977 2332 parentibus

1075 2343 1196 2376 eram,
1219 2332 1343 2370 donec
1366 2340 1433 2370 aut
1456 2333 1669 2372 invenirem
1690 2334 1795 2385 quod
1815 2334 1975 2381 vellem,

1078 2392 1146 2423 aut
1164 2385 1260 2424 mihi
1281 2387 1552 2438 persuaderem
1587 2401 1663 2426 non
1693 2401 1776 2427 esse
1796 2402 1976 2441 quaeren-

1079 2438 1189 2478 dum.
1249 2440 1636 2494 opportunissimum
1684 2455 1776 2494 ergo
1823 2456 1885 2482 me
1932 2456 1978 2482 ac

1081 2493 1198 2531 valde
1230 2494 1395 2533 docilem
1431 2502 1526 2533 tunc
1562 2496 1736 2535 invenire
1770 2504 1914 2551 posset,
1946 2497 1977 2536 si

1082 2547 1220 2587 fuisset
1239 2548 1306 2600 qui
1326 2557 1456 2603 posset
1479 2550 1633 2589 docere.
