2378 4134
381 150 491 201 228
866 149 920 204 S.
961 149 1408 205 AUGUSTINI
1449 151 1808 206 EPISCOPI

383 279 738 347 detraherem,
791 284 838 336 si
891 284 1087 337 vellem
1149 302 1371 354 prorsus
1430 285 1659 338 informe
1719 286 1986 354 cogitare3
2055 294 2113 340 et
2163 307 2272 344 non

380 375 644 440 poteram.
724 370 906 425 Citius
938 371 1084 424 enim
1123 389 1235 424 non
1272 389 1393 424 esse
1422 373 1732 438 censebam,
1759 371 1909 444 quod
1934 374 2080 426 omni
2106 374 2277 431 forma

381 459 704 530 privaretur,
731 478 897 531 quam
931 460 1242 528 cogitabam
1278 459 1540 531 quiddam
1563 461 1706 514 inter
1727 461 2018 515 formatum
2043 471 2098 516 et
2118 463 2275 530 nihil,

381 567 486 602 nec
521 548 810 602 formatum
843 567 947 602 nec
980 549 1140 615 nihil,
1171 548 1402 602 informe
1439 567 1615 620 prope
1653 550 1795 603 nihil
1808 548 1849 603 ³⁸.
1926 552 2004 604 Et
2047 552 2277 606 cessavit

381 654 537 690 mens
562 655 686 691 mea
711 637 1045 704 interrogare
1070 635 1204 689 hinc
1225 635 1476 705 spiritum
1501 654 1684 689 meum
1699 639 1924 707 plenum
1943 637 2276 706 imaginibus

379 725 731 778 formatorum
784 741 1091 793 corporum,
1132 729 1187 775 et
1229 740 1322 775 eas
1365 741 1466 793 pro
1512 723 1735 776 arbitrio
1771 732 2073 778 mutantem
2113 733 2276 797 atque

381 813 705 877 variantem3
747 819 802 865 et
819 804 1037 864 ‘intendi
1063 811 1120 862 in
1137 811 1261 880 ipsa
1280 829 1524 881 corpora,
1543 830 1839 884 eorumque
1858 813 2275 868 mutabilitatem

382 900 545 953 altius
582 899 822 969 inspexi,
859 916 971 969 qua
1009 897 1268 950 desinunt
1305 915 1424 950 esse
1465 895 1615 968 quod
1652 898 1884 965 fuerant,
1915 907 1970 952 et
2005 900 2282 971 incipiunt

380 1007 501 1042 esse
546 987 695 1058 quod
734 1006 847 1040 non
899 994 1078 1051 erant3
1143 985 1506 1058 eumdemque
1558 986 1843 1040 transitum
1888 987 1955 1040 de
1998 988 2170 1042 forma
2219 989 2276 1042 in

379 1078 608 1129 formam
646 1093 747 1146 per
784 1076 1013 1128 informe
1054 1074 1315 1145 quiddam
1357 1076 1476 1128 fieri
1516 1076 1832 1147 suspicatus
1870 1094 2008 1142 sum,
2034 1095 2146 1129 non
2183 1095 2278 1148 per

380 1164 603 1215 omnino
645 1163 809 1216 nihil:
866 1162 963 1216 sed
1007 1181 1169 1215 nosse
1217 1164 1527 1233 cupiebam,
1571 1182 1685 1216 non
1735 1162 2017 1232 suspicari.
2113 1165 2189 1218 Et
2231 1164 2278 1218 si

376 1257 552 1304 totum
587 1251 688 1304 tibi
734 1249 1058 1303 confiteatur
1104 1269 1213 1302 vox
1254 1257 1309 1303 et
1353 1250 1511 1303 stilus
1548 1268 1722 1315 meuS,
1758 1250 2031 1321 quidquid
2068 1250 2135 1304 de
2173 1252 2278 1306 ista

378 1339 683 1409 quaestione
710 1338 961 1391 enodasti
987 1337 1141 1401 mihi,
1162 1337 1287 1408 quis
1312 1337 1611 1405 legentium
1639 1354 1834 1406 capere
1856 1337 2103 1391 durabit?
2158 1339 2277 1392 Nec

378 1425 502 1478 ideo
530 1431 711 1478 tamen
740 1424 980 1479 cessabit
1006 1442 1099 1477 cor
1123 1442 1307 1476 meum
1333 1424 1435 1476 tibi
1469 1423 1596 1476 dare
1630 1423 1895 1476 honorem
1923 1432 1978 1477 et
2004 1425 2278 1478 canticum

377 1512 557 1565 laudis
604 1513 671 1565 de
716 1512 806 1564 his
852 1531 974 1582 quae
1023 1510 1229 1563 dictare
1278 1529 1390 1562 non
1437 1510 1655 1564 sufficit.
1734 1511 2083 1564 Mutabilitas
2134 1512 2278 1565 enim

378 1620 556 1654 rerum
585 1602 931 1654 mutabilium
962 1602 1086 1670 ipsa
1121 1618 1300 1670 capax
1337 1607 1421 1653 est
1455 1601 1746 1653 formarum
1779 1601 2024 1653 omnium
2056 1602 2114 1653 in
2143 1618 2277 1671 quas

378 1696 660 1742 mutantur
679 1708 764 1742 res
784 1689 1091 1741 mutabiles
1169 1689 1247 1740 Et
1263 1688 1383 1740 haec
1407 1687 1541 1758 quid
1558 1685 1671 1740 est?
1717 1689 2008 1758 Numquid
2025 1687 2272 1742 animus?

376 1777 648 1847 numquid
688 1775 922 1847 corpus?
968 1774 1239 1844 numquid
1279 1774 1493 1843 species
1532 1775 1701 1828 animi
1734 1776 1821 1828 vel
1862 1776 2139 1846 corporis?
2218 1776 2278 1830 Si

380 1865 489 1920 dici
526 1873 731 1936 posset,
757 1865 791 1892 ‘⁶
823 1865 982 1917 Nihil
1019 1862 1279 1933 aliquid,'’
1318 1869 1389 1927 et,
1428 1864 1461 1890 ‘⁶
1489 1865 1595 1916 Est
1638 1882 1750 1916 non
1790 1865 1960 1929 est*,’'
2004 1865 2111 1917 hoc
2157 1883 2276 1917 eam

379 1954 643 2019 dicerem3
687 1960 741 2007 et
764 1960 947 2006 tamen
965 1952 1081 2023 jam
1110 1957 1410 2020 utcumque
1437 1958 1566 2017 erat,
1586 1959 1647 2004 ut
1673 1952 1886 2022 species
1905 1960 2122 2022 caperet
2147 1953 2279 2006 istas

376 2044 624 2097 visibiles
651 2052 703 2097 et
731 2042 1082 2112 compositas.

214 2149 319 2189 VH.
455 2138 504 2184 7.
548 2134 625 2185 Et
662 2131 810 2184 unde
847 2137 1146 2199 utcumque
1187 2134 1317 2193 erat,
1352 2128 1460 2181 nisi
1501 2137 1644 2182 esset
1683 2131 1782 2183 abs
1820 2134 1892 2194 te,
1928 2147 1960 2181 a
2003 2144 2112 2198 quo
2154 2134 2282 2181 sunt

172 2204 363 2301 gteffife-
378 2223 563 2277 omnia
612 2222 1177 2291 inquantumcumque
1243 2216 1399 2270 sunt?
1489 2217 1599 2271 Sed
1649 2223 1803 2271 tanto
1856 2236 1888 2270 a
1937 2223 1990 2269 te
2040 2216 2279 2285 longius,

172 2316 298 2356 nihilo
377 2318 582 2381 quanto
629 2306 978 2371 dissimilius3
1025 2322 1206 2375 neque
1252 2306 1398 2357 enim
1442 2304 1598 2357 locis.
1677 2306 1874 2375 Itaque
1918 2310 1996 2370 tn,
2024 2303 2279 2369 Domine,

174 2372 343 2419 coelum,
378 2399 473 2470 qui
499 2417 610 2450 non
639 2417 696 2451 es
724 2396 859 2450 alias
881 2392 1068 2448 aliud*
1091 2403 1145 2445 et
1171 2393 1306 2445 alias
1333 2391 1506 2456 aliter,
1534 2391 1632 2444 sed
1657 2388 1935 2462 idipsumb
1955 2398 2010 2444 et
2035 2390 2278 2461 idipsum

174 2427 216 2467 id
236 2434 296 2467 est

171 2483 311 2537 Ange·
380 2496 435 2541 et
458 2486 720 2557 idipsum,
751 2486 1012 2547 Sanctus,
1042 2482 1302 2544 SanctuS,
1334 2479 1593 2543 Sanctus,
1621 2481 1898 2532 Dominus
1924 2480 2082 2531 Deus
2105 2480 2280 2532 omni-

172 2538 336 2643 ἒὲῗῑξηὲῐ
367 2584 567 2645 potens
580 2599 597 2635 ;
629 2575 686 2627 in
705 2573 987 2643 Principio
1016 2570 1165 2641 quod
1186 2576 1268 2622 est
1287 2568 1382 2621 dec
1401 2577 1471 2633 te,
1491 2568 1549 2620 in
1573 2569 1858 2638 Sapientia
1882 2576 1976 2621 tua
2002 2586 2124 2639 quae
2151 2578 2279 2622 nata

172 2650 213 2743 {d
231 2650 460 2716 estin'est
507 2663 572 2715 de
621 2660 929 2715 substantia
969 2665 1079 2721 tua,
1122 2655 1303 2708 fecisti
1345 2653 1554 2724 aliquid
1600 2661 1655 2706 et
1699 2654 1766 2708 de
1805 2654 1997 2707 nihilo.
2075 2653 2278 2708 Fecisti

172 2719 339 2801 ιζέιῐῖεῗω
378 2753 522 2806 enim
561 2751 759 2805 coelum
802 2755 856 2802 et
893 2756 1115 2810 terram3
1160 2763 1274 2796 non
1315 2743 1382 2796 de
1422 2750 1502 2806 te;
1548 2762 1676 2796 nam
1717 2751 1861 2796 esset
1901 2743 2110 2812 aequale
2139 2743 2278 2796 Uni·

172 2817 290 2859 riam.
380 2839 565 2908 genito
600 2844 714 2901 tu0‚
743 2855 806 2889 ac
834 2852 933 2904 per
956 2833 1064 2885 hoc
1094 2837 1149 2883 et
1174 2830 1275 2882 tibi
1291 2850 1305 2894 3
1353 2836 1407 2881 et
1431 2829 1585 2881 nullo
1613 2829 1777 2882 modo
1794 2829 2006 2900 justum
2033 2834 2193 2894 esset,
2219 2834 2284 2881 ut.

173 2884 259 2925 Isa.
273 2884 313 2932 6,
324 2885 365 2925 3.
379 2927 590 2997 aequale
616 2924 717 2978 fibi
740 2928 901 2986 esset,
919 2917 1069 2989 quod
1089 2917 1157 2969 de
1177 2922 1230 2969 te
1250 2934 1363 2967 non
1383 2921 1541 2967 esset.
1600 2916 1679 2967 Et
1705 2915 1854 2967 aliud
1880 2922 2079 2985 praeter
2095 2921 2148 2967 te
2166 2933 2279 2967 non

378 3021 493 3069 erat
509 3013 656 3066 unde
672 3013 879 3065 faceres
898 3028 980 3073 ea,
998 3008 1153 3059 Deus
1172 3023 1282 3057 una
1300 3004 1558 3068 Trinitas,
1580 3010 1633 3055 et
1652 3004 1794 3057 trina
1814 3004 2041 3057 Unitas:
2082 3010 2136 3056 et
2154 3003 2279 3057 ideo

379 3102 446 3155 de
461 3101 636 3154 nihilo
651 3098 674 3122 ⁸
691 3097 870 3152 fecisti
889 3096 1090 3148 coelum
1111 3098 1166 3144 et
1184 3098 1397 3155 terram,
1413 3109 1676 3158 magnum
1697 3090 1959 3160 quiddam
1981 3097 2035 3142 et
2048 3108 2277 3160 parvum

376 3187 666 3259 quiddam;
708 3184 968 3255 quoniam
997 3179 1345 3248 omnipotens
1372 3184 1426 3229 et
1443 3178 1624 3229 bonus
1652 3194 1709 3227 es
1735 3175 1806 3229 ad
1825 3176 2077 3229 facienda
2096 3175 2279 3229 omnia

374 3278 541 3340 bona,
568 3291 830 3343 magnum
870 3269 1071 3324 coelum
1111 3272 1167 3319 et
1203 3283 1429 3336 parvam
1454 3270 1665 3316 terram.
1745 3264 1833 3315 Tu
1872 3282 2007 3330 eras,
2036 3270 2091 3316 et
2128 3261 2278 3316 aliud

375 3364 516 3416 nihil
543 3362 688 3415 unde
713 3358 893 3413 fecisti
921 3358 1122 3410 coelum
1150 3361 1205 3406 et
1226 3360 1440 3417 terram,
1458 3351 1567 3404 duo
1595 3350 1877 3421 quaedam;
1917 3369 2086 3403 unum
2104 3367 2278 3420 prope

377 3458 451 3515 te,
470 3452 697 3503 alterum
717 3464 890 3517 prope
907 3443 1073 3497 nihil:
1115 3460 1304 3505 unum,
1326 3455 1436 3509 quo
1458 3438 1704 3508 superior
1730 3445 1791 3490 tu
1817 3456 1989 3502 esses3
2031 3439 2276 3501 alterum,

379 3554 491 3607 quo
516 3534 744 3588 inferius
769 3531 911 3584 nihil
938 3534 1098 3599 esset.

435 3659 458 3690 b
489 3659 585 3700 Vid.
606 3672 697 3713 sup.
717 3657 749 3698 l.
767 3657 823 3696 ix.
843 3656 878 3707 ς.
902 3655 972 3694 11.
1357 3655 1396 3690 et
1417 3654 1498 3689 not.
1518 3648 1561 3690 h.
1581 3662 1622 3703 p.
1647 3649 1718 3690 60.
1739 3648 1788 3689 ad
1809 3648 1838 3689 l.
1858 3648 1910 3689 iv.
1932 3650 1966 3701 ς.
1985 3649 2053 3689 26.

433 3721 455 3743 ‘²
488 3714 583 3755 Vid.
603 3727 692 3768 sup.
722 3712 751 3753 l.
780 3711 838 3753 iii.
864 3711 898 3763 §.
925 3711 988 3750 10.
1007 3722 1049 3762 p.
1072 3708 1141 3747 32.
1162 3711 1245 3746 not.
1262 3717 1301 3745 e.
