2378 4134
372 241 443 288 44
542 236 599 290 s.
639 234 1082 290 AUGUSTINI
1122 231 1482 288 EPISCOPI
1522 231 1745 286 CONF.
1785 203 1934 284 Lm.
1975 232 2087 286 111.

368 370 556 441 itaque
589 369 812 438 fugisse.
891 369 1029 430 Quae
1068 386 1195 422 cum
1226 366 1321 420 ille
1357 365 1608 432 dixisset,
1641 372 1807 437 atque
1838 366 1937 419 illa
1964 365 2138 419 nollet
2170 382 2259 420 ac·
2322 386 2327 390 ·

371 456 672 528 quiescere,
705 455 804 509 sed
833 455 1061 508 instaret
1090 453 1269 522 magis
1302 451 1667 522 deprecandO,
1701 459 1757 506 et
1786 453 2022 506 ubertim
2058 452 2260 518 flend0,

368 550 432 597 ut
453 563 541 597 me
566 543 793 610 videret,
820 550 875 596 et
910 560 1128 595 mecum
1163 540 1474 593 dissereret:
1528 540 1623 593 ille
1648 539 1768 611 jam
1807 540 2262 593 substomachans

367 631 553 698 taedio,
579 632 613 659 ‘⁶
641 630 816 696 Vade,
850 628 1051 700 inquit,
1087 647 1120 681 a
1153 647 1268 692 me3
1316 626 1396 679 ita
1430 627 1608 681 vivas:
1661 626 1815 681 fieri*
1842 646 1955 680 non
1987 634 2172 698 potest
2201 633 2264 680 ut

369 720 404 747 “
429 720 577 772 filius
614 720 840 772 istarum
888 719 1249 788 lacrymarum
1299 717 1536 786 pereat.'’
1627 717 1791 778 Quod
1827 718 1924 771 illa
1959 717 2038 770 ita
2077 736 2134 770 se
2174 735 2262 771 ac·

371 807 602 878 cepisse,
633 807 775 858 inter
808 804 1086 875 colloquia
1122 822 1220 856 sua
1249 821 1465 855 mecum
1500 821 1647 877 saepe
1679 803 2082 868 recordabatur,
2118 823 2181 857 ac
2216 803 2263 856 si

371 895 438 948 de
465 896 607 948 coelo
634 892 919 946 sonuisset.

444 1163 621 1203 ‘Visum
655 1169 715 1203 est
744 1162 823 1203 huc
851 1160 1045 1202 ascribere
1070 1160 1286 1214 Augustini

370 1218 504 1258 locum
527 1232 576 1258 ex
596 1218 666 1258 lib.
687 1219 727 1259 3.
752 1224 893 1258 contra
913 1217 1082 1256 Litteras
1106 1216 1291 1258 Petiliani

370 1274 608 1319 Donatistae,
644 1287 682 1315 c.
716 1275 796 1314 17·
788 1305 797 1314 .
843 1274 951 1313 ‘Me
982 1272 1100 1312 etiarn
1128 1273 1292 1326 presby-

369 1336 497 1369 terum
535 1329 652 1370 fuisse
693 1328 1031 1377 Manichaeorum,
1068 1327 1132 1368 vel
1170 1327 1292 1369 falsus

370 1384 432 1425 vel
455 1385 598 1424 fallens
619 1384 792 1425 mirabili
815 1384 1034 1425 temeritate
1063 1383 1289 1424 contendat.

374 1441 512 1481 Verba
530 1440 631 1480 tertii
650 1440 738 1480 libri
760 1439 1065 1481 confessionum
1094 1452 1290 1489 mearum,

372 1509 464 1549 quae
486 1509 556 1550 per
574 1495 715 1550 seipsa,
727 1504 767 1536 et
780 1497 830 1536 de
845 1495 980 1535 multis
994 1502 1085 1534 ante
1102 1501 1141 1534 et
1158 1501 1293 1548 postea

373 1550 503 1598 dictis,
517 1551 834 1592 manifestissima
851 1559 944 1591 sunt
962 1550 1200 1604 legentibus,
1216 1551 1290 1591 sub

373 1620 454 1660 quo
483 1606 518 1646 ei
554 1606 709 1647 videtur
732 1606 936 1647 intellectu
958 1613 1154 1660 proponat
1171 1612 1291 1658 atque

373 1662 543 1716 arguat.’
602 1664 804 1711 Quaenam
831 1676 925 1702 vero
954 1661 1028 1702 sint
1056 1662 1180 1701 verba
1206 1661 1290 1711 illa,

374 1732 466 1771 quae
486 1731 557 1757 suo
576 1718 710 1758 avulsa
732 1718 822 1758 loco
851 1724 1029 1771 proterve
1058 1716 1292 1771 interpreta-

373 1773 492 1813 batur
516 1772 748 1819 Petilianus,
763 1774 876 1813 nobis
895 1773 1186 1826 incompertum
1207 1779 1266 1812 est
1282 1788 1292 1823 3

374 1828 474 1869 forte
490 1841 542 1868 an
560 1828 632 1868 ista
652 1829 792 1883 capitis
810 1829 909 1869 sexti
927 1846 936 1869 ε
971 1835 981 1851 ‘
1008 1830 1115 1868 Nam
1139 1841 1293 1868 versum

375 1891 415 1924 et
434 1897 595 1923 carmen
616 1884 733 1924 etiarn
755 1885 806 1924 ad
827 1897 921 1924 vera
942 1884 1148 1939 pulmenta
1169 1890 1294 1924 trans·

376 1939 487 1979 fero.’
560 1939 721 1994 Quippe
754 1939 948 1980 amatoria
980 1939 1179 1979 maleficia
1206 1953 1296 1979 mu-

377 1994 462 2035 lieri
475 1996 568 2035 data
580 1996 849 2050 exprobrabat
859 1995 1101 2050 Augustino.
1112 2001 1156 2034 ut
1166 1995 1296 2036 videre

376 2052 496 2091 estin
514 2051 693 2105 ejusdem
724 2051 816 2091 libri
846 2060 984 2091 contra
1006 2050 1192 2091 Petiliani
1214 2051 1296 2090 Lit-

377 2113 481 2147 teras
500 2106 627 2159 capite
645 2107 737 2147 16.”
770 2107 854 2160 [ed.
871 2106 996 2160 Ben.]
1029 2106 1153 2160 Atqui
1175 2106 1214 2146 id
1235 2106 1296 2146 ni-

380 2161 435 2200 hil
456 2162 618 2202 omnino
638 2162 774 2202 fuisset
793 2163 844 2202 ad
865 2176 963 2210 rem,
981 2176 1110 2216 neque
1127 2162 1231 2201 enim
1246 2163 1295 2202 de

379 2216 440 2256 his
457 2217 598 2271 agitur,
619 2218 684 2257 sed
707 2219 755 2258 de
778 2218 1065 2272 presbyteratu,
1085 2231 1165 2271 quo
1187 2217 1296 2271 Aug.

381 2272 482 2312 inter
504 2273 756 2313 Manichaeos
775 2273 954 2313 functum
975 2287 1059 2313 esse
1079 2273 1296 2315 contendit.

384 2328 522 2368 Verba
555 2342 667 2380 porro
697 2342 719 2368 e
747 2342 836 2383 cap.
855 2330 895 2369 6.
923 2328 1062 2374 allata,
1082 2328 1296 2368 calumniae

382 2383 424 2423 in
456 2397 494 2423 c.
522 2385 584 2424 16.
615 2397 636 2424 e
664 2384 859 2424 Petiliano
889 2391 1088 2438 excerptae
1118 2383 1299 2439 apprime

381 2440 649 2493 respondent;
681 2447 773 2480 sunt
800 2439 905 2480 enim
942 2445 969 2462 “
990 2440 1158 2494 eulogiae
1188 2453 1301 2494 panis

381 2494 614 2571 simpliciter
643 2503 683 2536 et
710 2495 883 2535 hilariter
911 2496 1043 2535 datae'’
1065 2495 1203 2550 quales
1231 2495 1300 2536 iste

402 2550 598 2591 ·ridiculo
629 2551 788 2591 nomine
815 2564 1023 2591 venenosae
1049 2551 1299 2606 turpitudinis

382 2618 430 2645 ac
465 2606 607 2647 furoris
644 2606 903 2646 infamavit-¹
879 2639 888 2655 ‚
967 2607 1298 2662 “”pulmentum

381 2661 488 2701 enim
509 2669 535 2686 “
556 2663 667 2704 cibus
684 2663 876 2704 delicatus
894 2669 933 2704 et
950 2663 1082 2705 suavis
1099 2663 1229 2704 dictus
1242 2669 1301 2703 est

1347 1172 1372 1200 a
1396 1160 1566 1216 pulpass'
1602 1161 1645 1202 J.
1675 1162 1725 1202 de
1755 1161 1892 1202 Janua
1920 1176 1989 1218 ap.
2010 1163 2079 1204 Du
2111 1163 2199 1205 Can
2201 1177 2264 1218 g.e

1351 1215 1580 1256 Calumniae
1609 1230 1702 1257 vero
1734 1218 1784 1258 de
1816 1219 2090 1273 presbyteratu
2123 1220 2175 1259 ab
2206 1220 2266 1260 his

1349 1271 1512 1312 omnino
1541 1271 1708 1313 diversae
1735 1279 1841 1318 sunt,
1860 1281 1899 1314 et
1924 1274 2013 1314 loco
2032 1275 2185 1316 diverso
2205 1276 2265 1315 al·-

1349 1327 1457 1368 latae.
1515 1327 1621 1367 Mihi
1639 1342 1738 1369 vero
1761 1328 1859 1368 nihil
1888 1329 2056 1370 dubium
2075 1337 2146 1375 est,
2168 1331 2266 1384 quin

1351 1384 1470 1423 verba
1498 1384 1549 1424 ab
1578 1383 1688 1424 initio
1723 1384 1811 1424 Lib.
1841 1385 1913 1425 4ti.
1947 1386 2155 1448 arripuerit
2186 1387 2266 1427 Pe·

1348 1438 1552 1486 tilianus‚‘
1561 1439 1681 1479 ‘illac
1701 1447 1834 1480 autem
1857 1440 2014 1503 purgari
2031 1455 2102 1482 nos
2116 1443 2167 1482 ab
2186 1442 2268 1484 istis

1348 1494 1528 1534 sordibus
1547 1502 1774 1549 expetentes
1801 1509 1893 1535 cum
1921 1497 1976 1536 eis
1998 1497 2066 1560 qui
2085 1498 2266 1553 appella-

1349 1557 1484 1590 rentur
1501 1551 1616 1591 electi
1636 1558 1676 1591 et
1694 1550 1847 1591 sancti''
1867 1560 1906 1592 et
1928 1551 2088 1592 seorsim
2108 1561 2267 1608 sumpta

1348 1618 1395 1645 eo
1410 1606 1625 1653 detorserit,
1647 1615 1691 1646 ut
1712 1607 1980 1661 Augustinum
2001 1607 2130 1648 inter‘
2138 1609 2267 1650 ‘elec-

1348 1661 1436 1702 tos”
1451 1663 1554 1702 unde
1574 1662 1937 1716 presbytenselectr
1949 1670 2054 1712 sunt
2069 1674 2267 1704 versatum

1349 1717 1467 1757 fuisse
1487 1718 1754 1758 contenderet.
1804 1718 1952 1758 Forsan
1971 1719 2120 1759 etiam‘
2129 1720 2268 1760 ‘elee-

1349 1772 1436 1812 tos'’
1456 1779 1496 1812 et
1525 1777 1552 1795 “
1574 1774 1851 1828 presbyteros”
1871 1773 1975 1813 inter
2002 1788 2044 1815 se
2074 1775 2268 1818 confudit.

1352 1828 1474 1877 Quod
1509 1842 1600 1869 vero
1634 1828 1739 1869 hanc
1775 1829 2021 1869 calumniam
2051 1830 2193 1871 refutet
2220 1845 2269 1871 ea

1351 1883 1439 1937 ipsa
1467 1884 1663 1924 sententia
1689 1885 1794 1924 unde
1826 1892 1984 1938 arrepta
2018 1885 2082 1932 sit,
2113 1886 2268 1926 nullam

1351 1940 1474 1980 habet
1491 1939 1782 1989 difficultatem,
1802 1941 1882 1980 imo
1910 1940 2056 1995 optime
2085 1943 2271 1983 convenit

1353 2009 1444 2036 cum
1470 1995 1529 2044 iis,
1561 2009 1651 2049 quae
1673 1996 1727 2036 ait
1756 1997 1867 2050 Aug.
1885 2000 1911 2017 ‘¹
1937 1997 2059 2036 verba
2083 2011 2174 2051 quae
2203 2013 2270 2049 per

1353 2066 1389 2091 se
1423 2054 1505 2104 ipsa
1538 2051 1853 2092 manifestissima
1880 2059 1971 2091 sunt
2003 2051 2269 2105 legentibus.”

1355 2107 1515 2162 Quippe
1546 2121 1636 2147 curn
1672 2121 1764 2147 eum
1797 2107 1899 2147 inter
1918 2112 1945 2130 “
1971 2107 2157 2148 Electos'’
2189 2123 2270 2150 non

1353 2170 1658 2203 annumeratum
1686 2162 1803 2202 fuisse
1831 2162 1918 2202 haec
1948 2162 2033 2217 ipsa
2060 2164 2182 2203 verba
2209 2164 2270 2204 in-

1353 2227 1493 2268 nuant,
1506 2231 1553 2258 eo
1565 2225 1714 2264 tamen,
1728 2218 1939 2271 posteriore
1955 2226 2064 2272 parte
2080 2220 2270 2268 abscissa,

1352 2273 1576 2329 detorqueri
1606 2273 1754 2328 possint
1781 2280 1827 2313 ut
1850 2273 1889 2313 id
1916 2273 2045 2328 ipsum
2074 2275 2271 2316 affirmare

1354 2329 1579 2370 videantur.
1623 2330 1647 2370 J
1654 2342 1719 2368 am
1736 2342 1829 2369 vero
1849 2329 1936 2369 loco
1956 2335 1983 2353 ‘¹
2007 2330 2145 2370 Verba
2166 2335 2271 2371 tertii

1355 2385 1491 2434 libri‚’'
1510 2385 1553 2424 in
1584 2385 1711 2425 MSS.
1739 2384 1925 2424 omnibus
1942 2391 1969 2409 ‘⁶
1991 2395 2130 2437 quarta
2151 2386 2271 2426 libri‘’

1356 2441 1448 2494 legi,
1468 2455 1519 2482 ex
1538 2440 1632 2481 edit.
1655 2440 1808 2480 Bened.
1825 2440 1876 2479 ad
1896 2440 1974 2480 loc.
1994 2441 2117 2482 serius
2136 2442 2268 2491 didici,

1357 2497 1464 2550 quod
1511 2509 1594 2536 rem
1632 2504 1744 2536 extra
1793 2496 2095 2536 controversiam
2143 2498 2268 2551 ponit.

1356 2555 1497 2594 Exstat
1543 2558 1678 2592 tamen
1712 2551 1815 2591 alius
1852 2551 1979 2599 locus,
2019 2551 2087 2605 qui
2130 2554 2270 2594 eodem

1355 2607 1513 2649 facilius
1531 2606 1756 2663 detorqueri
1777 2613 1920 2662 posset,
1944 2609 1993 2650 L.
2013 2621 2051 2648 v.
2074 2610 2108 2661 §.
2134 2610 2199 2650 18.
