2378 4134
1065 206 1342 260 INDEX.

279 343 496 386 Conversio
509 344 563 386 nd
576 345 725 386 Deum.
753 343 807 385 In
819 344 1071 386 conversione
1083 357 1176 400 pee-

323 403 508 439 *ontoeum
538 399 654 441 Deus
681 403 721 440 et
749 397 896 451 Angeli
924 399 1051 453 magis
1076 411 1175 451 gau-

332 451 444 499 dent,
476 453 569 494 129.
615 454 668 494 ln
700 451 950 494 conversione
981 453 1174 494 nobilium

331 518 454 557 quare
470 507 560 560 plus
577 506 807 554 latendum,
830 507 922 547 131.

279 559 408 614 Copia
425 561 551 602 omnis
569 572 659 616 que
679 561 794 603 Deus
821 573 901 601 non
929 566 1003 611 est,
1021 568 1175 616 egestas

331 621 406 662 est,
425 616 522 657 254.

281 667 361 708 Cor
379 668 577 722 figendum
595 667 636 709 in
656 668 747 708 Deo
765 674 911 708 aeterno
925 675 970 709 ut
979 670 1174 718 stet‚212‚

332 723 401 763 65.
439 724 578 764 Cordis
594 721 683 778 puri
699 722 839 763 vitales
866 723 1016 764 deliciae
1049 725 1174 769 Deus,

331 777 430 817 266.
466 777 548 818 Cor
566 778 732 818 volitans
752 777 791 817 in
811 778 1018 831 praeteritis
1041 786 1082 819 et
1111 778 1170 818 fu-

333 830 428 871 turis
445 845 572 872 rerum
591 830 763 871 motibus
783 832 913 872 adhuc
934 846 1076 872 vanum
1097 840 1170 881 est,

331 886 425 924 212.
466 887 547 926 Cor
565 886 742 926 clausum
774 899 852 926 non
879 887 1051 927 excludit
1078 900 1174 927 ocu-

331 938 413 979 lum
434 940 529 988 Dei,
549 942 615 981 63,
654 940 793 981 Cordis
810 940 1011 981 hominum
1029 942 1175 983 duritia

334 1004 494 1033 manum
518 995 597 1035 Dei
618 1008 695 1035 non
714 994 883 1049 repellit,
902 996 958 1035 ib.

279 1045 443 1102 Corpori
463 1062 542 1089 non
561 1050 635 1090 hoc
655 1055 714 1090 est
731 1063 816 1089 esse
835 1050 938 1103 quod
961 1049 1171 1104 pulchrum

303 1114 311 1120 ·
330 1114 428 1148 esse,
443 1105 541 1144 250.

280 1154 440 1196 Creatio
471 1156 566 1198 coeli
595 1163 635 1196 et
667 1164 794 1202 terrae.
821 1157 918 1197 226.
958 1159 1058 1212 Ejus
1077 1158 1175 1198 alle·

330 1211 465 1262 gorica
501 1210 705 1266 expositio,
749 1212 844 1252 278.
903 1213 1020 1253 Varie
1057 1213 1173 1252 intel-

330 1264 466 1317 ligitur
493 1267 599 1320 quod
630 1265 832 1319 Scriptura
860 1266 955 1306 dicit
974 1267 1023 1307 de
1054 1268 1175 1308 Crea-

332 1319 436 1359 tione
470 1333 615 1365 rerum,
648 1321 729 1360 236
758 1333 818 1373 sq.
869 1321 1080 1369 Quomodo
1115 1336 1174 1362 re-

333 1375 605 1426 spondendum
630 1374 823 1425 quaerenti
843 1381 854 1398 '
876 1375 983 1423 Quid
1005 1376 1177 1416 faciebat

333 1427 446 1468 Deus
475 1438 566 1469 ante
593 1429 685 1467 coeli
705 1437 742 1468 et
761 1436 872 1468 terroe
897 1430 1176 1471 creati‹›nem''!

331 1482 427 1522 212.
462 1484 523 1523 Ex
545 1483 667 1523 nihilo
685 1484 797 1524 Deus
815 1483 906 1523 fecit
919 1485 1066 1534 omnia,
1079 1486 1175 1532 209,

280 1585 474 1630 Creatura
490 1591 636 1644 duplex
656 1602 794 1630 carens
811 1598 999 1644 tempore,
1018 1594 1113 1632 231.

281 1640 559 1684 Creaturarum
596 1657 663 1698 per
696 1646 839 1696 gradus
871 1647 1092 1686 ascenditur
1123 1647 1175 1687 ad

337 1699 416 1738 Dei
445 1699 720 1750 cognitionem,
753 1700 845 1746 172,
886 1701 973 1746 119,
997 1703 1088 1751 161,
1109 1705 1176 1743 63.

333 1752 507 1793 clamant
519 1761 545 1777 ‘⁸
555 1754 735 1807 Ipsefecit
748 1768 809 1792 nos
820 1754 861 1800 ;'’
882 1755 1031 1795 clamor
1044 1771 1176 1797 earum

336 1814 394 1846 est
412 1809 562 1861 species
581 1821 731 1854 earum,
758 1809 846 1854 172,
864 1810 960 1849 208.

283 1860 495 1901 Creaturas
532 1875 667 1901 omnes
704 1863 827 1901 bonas
872 1876 955 1903 esse
995 1865 1178 1904 adversus

338 1915 599 1963 Manichaeos,
624 1917 715 1961 117,
741 1918 830 1955 118.

283 1969 466 2010 Credere.
525 1971 733 2011 Catholica
779 1969 957 2010 doctrina
994 1972 1177 2023 quaedam

335 2025 441 2063 credi
462 2025 591 2078 jubet,
622 2039 714 2078 quae
742 2037 819 2064 non
850 2025 1178 2075 demonstrantur,

283 2129 432 2171 Critica
458 2132 632 2178 medicis,
653 2144 744 2184 quae
776 2132 862 2172 aliis
887 2133 1061 2172 accessio
1081 2134 1178 2174 dici-

335 2191 411 2234 tur,
432 2187 495 2225 83.

282 2239 406 2279 Cunae
429 2239 660 2283 nutritoriae,
681 2240 776 2278 244.

282 2293 490 2345 Cupiditas
525 2295 681 2347 triplex.
721 2293 947 2345 voluptatis,
997 2293 1175 2335 domina-

337 2348 465 2391 tionis,
484 2354 523 2387 et
543 2347 787 2399 cognitionis,
811 2348 904 2394 187,
919 2356 959 2388 et
984 2351 1175 2388 n.—201.

334 2403 573 2453 Merguntur
604 2402 780 2441 homines
813 2401 986 2454 pondere
1022 2403 1176 2455 cupidi-

334 2457 427 2494 tatis
445 2464 483 2495 et
501 2456 663 2496 terrenis
679 2456 899 2501 affectibus,
914 2465 954 2496 et
972 2466 1178 2509 emergunt

331 2511 503 2550 caritatis
520 2510 789 2551 sublevatione
820 2516 858 2549 et
877 2510 1015 2564 spiritu
1034 2512 1176 2550 sancti-

334 2565 441 2610 tatis,
462 2566 558 2604 253.

281 2615 497 2658 Curiositas
527 2619 663 2662 libera,
697 2616 822 2670 magis
854 2617 906 2656 ad
946 2617 1177 2658 discendum

334 2680 458 2725 potest
479 2686 596 2724 quam
620 2672 848 2711 meticulosa
868 2674 1094 2718 necessitas,
1115 2675 1178 2713 13.

281 2727 530 2766 Curiositatis
564 2727 614 2766 de
649 2726 755 2771 vitio,
793 2727 868 2765 194
905 2739 990 2779 sqq.
1046 2729 1180 2774 Quare

332 2781 651 2833 concupiscentia
691 2779 891 2819 oculorum
937 2781 1177 2833 designetur,

336 2837 424 2876 195.
463 2835 653 2875 Homines
676 2834 869 2873 curiosum
900 2848 1022 2885 genus
1043 2837 1093 2874 ad
1113 2849 1178 2875 co-

332 2889 596 2940 gnoscendam
613 2890 731 2928 vitam
749 2888 1177 2934 alienam‚desidiosum

333 2945 382 2982 ad
402 2944 672 2996 corrigendam
694 2954 821 2991 suam,
848 2943 936 2982 169.

279 2996 425 3038 Cursus
445 2998 640 3051 publicus,
660 2998 727 3043 79,
751 3009 788 3033 n·

278 3050 466 3105 Cypriani
488 3051 669 3106 martyris
690 3051 887 3092 Memoria
902 3064 978 3090 uon
998 3051 1130 3103 procul
1153 3065 1175 3090 a

331 3106 444 3152 mari,
465 3107 533 3146 71.

699 3320 756 3360 D.

282 3426 543 3466 Daemonibus
561 3440 637 3466 non
655 3441 735 3467 uno
756 3427 872 3468 modo
893 3427 1133 3468 sacrificatur
1148 3442 1173 3468 a

335 3481 620 3532 peccatoribus,
647 3483 710 3522 15.

2033 219 2137 266 313

1233 339 1402 436 Dellzitor
1442 340 1488 381 fit
1530 341 1852 397 promissionibus
1884 344 1967 387 suis
2004 346 2132 396 Deus,

1231 449 1475 500 necamus,
1505 454 1516 471 ⁸
1538 449 1768 504 psalterium
1795 451 1935 494 deoern
1962 452 2131 496 chorda·

1285 504 1404 549 rum,’
1419 503 1490 549 37,
1509 510 1551 543 et
1570 515 1609 544 n.

1232 557 1427 598 Defectus
1445 556 1537 597 solis
1565 564 1607 598 et
1619 557 1728 598 lunae
1750 570 1775 597 a
1793 558 2038 615 philosophis
2063 574 2131 601 ac·

1289 618 1425 652 curate
1447 611 1716 666 prenuntiati,
1739 613 1809 653 65.

1232 664 1521 707 Defunctorum
1539 678 1702 720 corpore
1721 666 1906 706 memoria
1925 666 1975 706 ad
2006 667 2133 708 altare

1285 719 1368 760 fieri
1387 719 1518 768 solita,
1542 721 1628 760 167.
1661 720 1782 769 Quod
1808 733 1878 774 pro
1893 733 1935 760 se
1957 724 2133 774 postulat

1284 774 1493 820 Mounica,
1515 775 1604 814 163.
1642 776 1719 815 Pro
1733 781 1844 829 patre
1858 788 1930 814 suo
1948 777 2133 822 Patricio,

1288 836 1328 869 et
1347 836 1470 869 matre
1491 830 1683 869 Monnica
1704 828 2015 873 defunctis,vult
2033 832 2135 871 orari

1282 883 1333 923 ad
1346 883 1471 922 altare
1486 883 1595 934 Aug.
1613 885 1705 924 167.
1725 897 1771 924 ac
1786 884 1954 935 ipsemet
1964 892 2064 930 orat,
2078 887 2132 926 ib.

1282 937 1525 978 Sacrificium
1538 950 1606 992 pro
1619 937 1816 978 defunctis
1824 936 1952 978 offerri
1962 939 2136 986 solitum,

1283 992 1410 1045 posito
1419 992 1536 1044 juxta
1547 993 1799 1047 sepulchrum
1815 992 2022 1042 cadavere,
2042 995 2134 1034 165.

1230 1044 1528 1086 Demonstratio
1566 1061 1645 1088 uon
1690 1049 1734 1088 in
1777 1046 1960 1087 omnibus
1998 1056 2134 1102 postu-

1284 1099 1420 1149 landa,
1436 1101 1503 1141 87.

1233 1207 1385 1249 DEUS
1411 1209 1504 1250 Una
1534 1209 1721 1256 Trinitas,
1747 1217 1785 1250 et
1817 1210 1940 1250 Trina
1975 1209 2132 1258 Unitas,

1235 1315 1360 1357 Deus
1401 1319 1552 1356 essentia
1581 1331 1650 1356 sua
1687 1317 1857 1371 idipsum
1888 1325 1946 1357 est
1981 1331 2134 1358 summe

1288 1384 1371 1410 esse
1392 1378 1431 1410 et
1448 1384 1599 1411 summe
1630 1372 1775 1419 vivere,
1794 1375 1832 1413 5.
1877 1374 2135 1427 Incorporeus

1289 1432 1359 1470 est,
1387 1427 1477 1471 115,
1495 1427 1563 1472 61,
1585 1426 1650 1466 35.

1235 1479 1323 1518 Dm
1343 1482 1490 1525 unitas,
1512 1480 1687 1520 omniurn
1703 1480 1858 1528 modus,
1878 1482 1915 1520 7.

1235 1534 1326 1573 Du
1344 1535 1532 1574 attributa
1550 1535 1776 1574 summatim
1791 1535 2078 1581 describuntur,
2092 1537 2133 1583 2,

1287 1589 1329 1632 3,
1366 1591 1407 1634 5,
1437 1596 1477 1628 et
1515 1602 1555 1628 n.
1614 1590 1715 1628 Sunt
1752 1589 2066 1642 inexplicabilia,
2091 1593 2128 1630 3.

1289 1642 1382 1681 Non
1413 1650 1472 1682 est
1501 1657 1580 1696 quo
1612 1644 1662 1682 ab
1695 1657 1742 1683 eo
1772 1645 1996 1684 omnimodo
2027 1658 2134 1683 rece-

1287 1695 1418 1744 datur,
1438 1711 1554 1736 omne
1574 1698 1677 1737 enim
1704 1706 1910 1752 peccatum
1937 1713 2026 1739 eum
2047 1712 2136 1752 per-

1290 1764 1395 1790 verse
1416 1752 1602 1797 imitatur,
1622 1753 1688 1791 24.

1236 1806 1321 1844 Dm
1345 1805 1554 1845 hodiernus
1571 1806 1657 1845 dies
1676 1809 1867 1845 aeternitus
1885 1812 1958 1850 est,
1978 1807 2073 1850 213.
2094 1810 2133 1847 5.

1290 1860 1456 1913 Superat
1481 1862 1610 1899 omnia
1648 1861 1795 1905 futura,
1835 1861 1886 1899 ib.
1937 1862 2133 1901 Praecedit

1290 1916 1421 1953 omnia
1442 1916 1651 1967 praeterita,
1673 1915 1729 1954 ib.
1770 1915 1911 1954 Nescit
1943 1923 2134 1970 tempora,

1291 1967 1347 2007 ib.
1395 1969 1507 2007 Deus
1540 1976 1630 2008 ante
1659 1982 1776 2008 omne
1808 1970 1915 2022 quod
1946 1970 2008 2010 vel
2041 1977 2134 2010 ante

1290 2021 1368 2061 dici
1402 2030 1544 2075 potest,
1576 2025 1615 2068 5,
1640 2024 1734 2063 213.
1786 2022 1950 2076 Semper
1974 2025 2070 2064 vivit
2096 2032 2136 2064 et

1291 2076 1388 2114 nihil
1410 2077 1569 2116 moritur
1587 2077 1627 2116 in
1646 2090 1706 2122 e0,
1725 2079 1763 2116 4.

1238 2131 1359 2170 Dans
1388 2132 1522 2170 bonum
1551 2132 1659 2170 nullo
1689 2131 1865 2182 indigens
1891 2133 2008 2177 bono,
2037 2133 2134 2179 280,

1288 2185 1385 2224 249.
1449 2185 1531 2224 Sua
1568 2185 1772 2224 beatitudo
1806 2184 1890 2238 ipse
1928 2192 1999 2230 est,
2037 2188 2135 2227 251.

1290 2239 1351 2277 Ex
1373 2238 1618 2291 plenitudiue
1643 2239 1828 2279 bonitatis
1852 2239 1935 2292 ejus
1963 2241 2137 2280 subsistit

1288 2301 1480 2340 creatura,
1501 2295 1596 2333 249.
1628 2295 1750 2346 Apud
1775 2295 1904 2332 Deum
1922 2293 2018 2333 vivit
2035 2308 2136 2333 sem·

1288 2359 1357 2397 per
1404 2347 1550 2386 bonum
1598 2356 1786 2392 nostrum,
1826 2355 1864 2386 et
1903 2349 1995 2400 quia
2045 2349 2134 2389 inde

1287 2413 1410 2439 aversi
1431 2415 1578 2447 sumus,
1598 2415 1766 2455 perverffl
1786 2414 1935 2447 sumuS,
1952 2402 2019 2440 62.
2042 2404 2133 2456 Ipse

1287 2454 1375 2507 puri
1404 2455 1533 2494 cordis
1562 2455 1699 2495 vitales
1727 2455 1896 2503 deliciae,
1915 2457 2011 2494 266.
2050 2459 2135 2497 Ne-

1288 2508 1430 2548 minem
1453 2509 1594 2549 deserit
1614 2509 1688 2548 nisi
1707 2509 1922 2557 deseratur,
1943 2511 2011 2557 54,
2031 2514 2098 2550 53.

1236 2563 1322 2601 Dm
1344 2565 1516 2615 cognitio.
1557 2564 1619 2602 Fit
1635 2564 1719 2603 siue
1739 2565 1952 2603 variatione
1970 2565 2133 2612 notitiae,

1286 2618 1381 2655 225.
1423 2619 1537 2657 Solus
1570 2619 1683 2658 Deus
1710 2618 1816 2658 novit
1845 2619 1946 2658 sicut
1973 2620 2132 2659 omnino

1288 2677 1361 2716 est,
1379 2672 1476 2710 260.

1235 2724 1359 2764 Deus
1380 2735 1525 2764 creator
1550 2725 1640 2764 fecit
1665 2724 1811 2763 coelum
1831 2732 1870 2765 et
1891 2732 2033 2766 terram
2052 2727 2133 2767 sine

1289 2778 1525 2819 distentione
1560 2779 1722 2818 actionis
1750 2793 1845 2825 suae,
1884 2781 1978 2819 225.
2022 2794 2132 2820 crea-

1287 2838 1410 2873 torem
1435 2834 1566 2873 Deum
1592 2846 1676 2873 esse
1705 2834 1830 2873 omnis
1860 2842 2012 2874 naturae
2031 2835 2131 2874 indi-

1288 2895 1383 2926 cant
1402 2888 1464 2927 vel
1487 2895 1695 2941 peccantes
1719 2901 1893 2941 perverse
1921 2889 2132 2934 imitando.

1286 2942 1356 2981 24.
1394 2943 1487 2981 Non
1510 2955 1610 2981 nova
1632 2942 1832 2981 voluntate
1853 2943 1999 2982 creavit
2018 2957 2131 2982 mun-

1288 2994 1398 3041 dum,
1432 2997 1526 3036 233.
1583 2996 1807 3050 Descriptio
1840 2998 2134 3052 compendiaria

1288 3063 1450 3103 operum
1470 3050 1562 3095 Dei,
1576 3052 1673 3089 277.

1235 3102 1359 3144 Deus
1379 3108 1590 3152 immensus,
1610 3105 1755 3156 ubique
1773 3111 1846 3150 est,
1868 3106 1933 3143 64.
1975 3105 2132 3157 Ubique

1284 3165 1388 3197 totus
1408 3167 1446 3198 et
1467 3171 1661 3210 nusquam
1682 3159 1875 3204 locorum,
1899 3159 1966 3203 86,
1985 3161 2030 3197 2.
2081 3160 2131 3198 In

1283 3211 1454 3256 interiori
1490 3220 1618 3251 nostro
1651 3213 1905 3264 quaerendus,
1940 3214 2030 3259 115,
2062 3215 2129 3261 34,

1290 3267 1378 3306 173.
1418 3266 1536 3306 Falsa
1556 3265 1605 3305 de
1625 3266 1886 3306 immensitate
1923 3267 2001 3305 Dei
2032 3267 2132 3307 ima-

1283 3319 1429 3371 ginatio
1458 3313 1580 3372 Augi.
1609 3320 1739 3359 adhuc
1770 3320 2004 3367 Manichaei,
2039 3322 2132 3367 107,

1286 3375 1376 3414 104.
1429 3374 1507 3413 Dei
1537 3374 1743 3427 praesentia
1774 3376 1814 3413 in
1848 3375 1964 3414 rebus
1989 3387 2130 3415 caussa

1280 3434 1338 3466 est
1387 3440 1457 3466 cur
1491 3428 1582 3472 sint,
1614 3429 1656 3466 2.
1711 3428 1843 3481 Iniqui
1882 3429 2129 3482 proesentiam

1282 3482 1362 3521 Dei
1379 3495 1456 3521 non
1478 3481 1680 3534 effugiunt,
1702 3483 1772 3522 64.

280 3535 511 3580 Daemones,
532 3542 718 3588 tanquam
739 3533 931 3575 redeundi
950 3533 1000 3574 ad
1035 3535 1166 3574 Deum
1230 3535 1354 3576 Deus
1374 3538 1628 3582 immutabitis,
1649 3537 1687 3575 8.
1714 3537 1763 3574 In
1781 3549 1828 3575 eo
1849 3535 1985 3575 nullus
2003 3549 2128 3575 novus

331 3588 578 3638 mediatores,
607 3589 815 3630 infeliciter
839 3589 1044 3630 coluerunt
1075 3601 1172 3628 non-

333 3642 447 3688 nulli,
467 3645 564 3684 202.

239 3725 242 3727 .
281 3695 439 3743 Danae,
462 3698 525 3739 14.

1283 3591 1542 3635 motus,-2ll.
1561 3591 1657 3629 233.
1692 3589 1774 3629 Scit
1800 3597 1840 3629 et
1868 3590 1953 3629 vult
1983 3590 2123 3629 immu-

1285 3643 1472 3691 tabiliter,
1508 3645 1603 3690 260,
1644 3644 1741 3684 256.
1796 3644 1888 3683 Non
1926 3650 1985 3684 est
2028 3644 2127 3683 alias

1285 3697 1409 3746 aliud,
1434 3710 1508 3737 nec
1528 3698 1627 3738 alias
1648 3697 1772 3745 aliter,
1793 3698 1859 3738 sed
1892 3697 2058 3752 idipsum
2087 3706 2127 3737 et
