2378 4134
108 2061 253 2100 Nemi-

112 2130 203 2156 nem

309 224 382 272 22
794 219 851 272 S.
879 216 1327 273 AUGUSTINI:
1359 218 1717 305 EPISCOPI

310 352 628 422 compulsus
676 357 920 419 egestate
968 369 1073 405 nec
1121 351 1370 421 penuria,
1413 349 1513 405 sed
1554 349 1775 404 fastidio
1817 350 2049 422 justitiae
2060 348 2106 417 ³,
2149 358 2209 405 et

309 439 503 508 sagina
536 437 865 509 iniquitatis.
940 439 1087 492 Nam
1125 438 1187 491 id
1227 438 1439 491 furatus
1482 456 1604 491 sum
1649 436 1800 509 quod
1849 436 1987 490 mihi
2031 438 2206 491 abun-

308 525 493 590 dabat,
519 530 577 579 et
597 525 773 578 multo
809 524 1005 577 melius
1025 544 1041 577 ε
1084 542 1189 578 nec
1228 542 1296 577 ea
1330 542 1387 577 rc
1426 524 1678 578 volebam
1714 523 1821 577 frui
1859 542 2024 595 quam
2061 524 2208 579 furto

310 611 674 682 appetebam3
719 609 819 664 sed
852 610 980 681 ipso
1017 609 1161 663 furto
1199 618 1254 663 et
1288 617 1536 680 peccato.
1611 611 1792 663 Arbor
1817 617 1934 665 erat
1960 612 2116 682 pirus
2145 612 2208 663 in

308 698 518 752 vicinia
562 698 739 751 vineae
786 704 988 750 nostrae
1026 698 1210 768 pomis
1252 703 1468 762 onusta,
1504 716 1610 752 nec
1650 697 1824 752 forma
1866 717 1971 752 nec
2014 718 2211 770 sapore

308 785 663 839 illecebrosis.
735 783 827 837 Ad
861 785 1004 837 hanc
1045 783 1433 837 excutiendam
1472 791 1639 855 atque
1676 785 2081 855 asportandam,
2112 805 2210 840 ne-

313 872 566 945 quissimi
603 870 999 924 adolescentuli
1042 871 1385 942 perreximus
1420 877 1586 924 nocte
1620 871 1967 942 intempesta,
2007 891 2211 944 quous·

314 977 423 1030 que
458 957 648 1010 ludum
689 956 758 1009 de
794 957 1125 1028 pestilentiae
1161 975 1311 1010 more
1348 958 1409 1009 in
1447 957 1589 1010 areis
1623 958 2093 1028 produxeramus;
2156 967 2214 1013 et

311 1046 639 1100 abstulimus
672 1043 803 1097 inde
842 1063 1008 1098 onera
1048 1044 1315 1112 ingentia,
1352 1063 1466 1098 non
1505 1044 1577 1098 ad
1611 1052 1827 1099 nostras
1864 1049 2075 1117 epulas,
2114 1047 2214 1101 sed

310 1134 400 1185 vel
423 1130 764 1203 projicienda
795 1131 999 1200 porciS,
1026 1131 1241 1184 etiamsi
1267 1130 1480 1202 aliquid
1501 1131 1633 1185 inde
1658 1132 1996 1187 comedimus
2017 1155 2033 1199 ;
2081 1133 2212 1187 dum

311 1226 495 1272 tamen
524 1217 680 1271 fieret
713 1236 748 1271 a
774 1218 939 1270 nobis
972 1217 1124 1288 quod
1155 1236 1222 1270 eo
1251 1217 1451 1271 liberet
1486 1237 1599 1289 quo
1631 1237 1746 1272 non
1779 1219 1984 1274 liceret.
2058 1222 2214 1275 Ecce

312 1325 410 1361 cor
442 1324 643 1371 meum,
669 1306 843 1372 DeuS‚
873 1323 1005 1358 ecce
1042 1322 1140 1358 cor
1171 1323 1356 1357 meum
1395 1305 1547 1376 quod
1581 1305 1869 1360 miseratus
1908 1325 1968 1360 es
2003 1307 2064 1359 in
2099 1307 2215 1360 imo

313 1393 515 1463 abyssi.
591 1393 763 1445 Dicat
796 1392 898 1445 tibi
936 1410 1084 1445 nunc
1124 1410 1256 1446 ecce
1293 1411 1388 1446 cor
1422 1411 1606 1446 meum
1634 1393 1773 1464 quid
1808 1394 1887 1446 ibi
1915 1396 2215 1466 quaerebat,

312 1487 376 1533 ut
399 1498 575 1533 essem
613 1479 782 1547 gratis
817 1479 1012 1543 maluS‚
1039 1485 1094 1531 et
1118 1479 1343 1533 malitiae
1380 1499 1519 1533 meae
1553 1499 1721 1534 causa
1751 1482 1906 1534 nulla
1935 1486 2082 1532 esset
2103 1479 2214 1532 nisi

312 1567 538 1621 malitia.
614 1565 788 1619 Foeda
836 1573 968 1632 erat,
1013 1573 1069 1619 et
1113 1567 1291 1620 amavi
1332 1586 1487 1630 eam;
1545 1569 1722 1622 amavi
1763 1568 1977 1638 perire:
2034 1567 2213 1620 amavi

314 1655 586 1709 defectum
612 1673 828 1718 meum3
866 1672 979 1705 non
1001 1653 1141 1706 illud
1166 1654 1237 1707 ad
1265 1655 1416 1726 quod
1442 1655 1786 1722 deficiebam,
1815 1655 1912 1708 sed
1940 1655 2215 1708 defectum

314 1762 495 1796 meum
526 1742 708 1811 ipsum
744 1741 921 1794 amavi
944 1763 958 1793 :
1007 1741 1182 1811 turpis
1222 1743 1404 1796 anima
1430 1751 1485 1795 et
1512 1743 1791 1796 dissiliens
1816 1762 1848 1796 a
1872 1743 2217 1795 firmamento

312 1838 409 1883 tuo
443 1830 503 1880 in
529 1828 912 1881 exterminium
936 1848 951 1892 3
989 1847 1103 1880 non
1130 1828 1431 1882 dedecore'
1463 1830 1693 1902 aliquid,
1720 1830 1818 1883 sed
1845 1829 2087 1883 dedecus
2118 1847 2217 1899 ap-

311 1923 524 1988 petens.

393 2009 477 2056 10.
515 2003 740 2055 Etenim
792 2002 1006 2072 species
1057 2009 1141 2055 est
1189 2003 1436 2073 pulchris
1485 2005 1826 2074 corporibuS,
1867 2011 1922 2058 et
1972 2022 2121 2069 aum,
2163 2010 2222 2056 et

315 2097 558 2159 argeum,
585 2097 641 2142 et
673 2090 959 2153 omnibus3
999 2096 1055 2141 et
1077 2089 1136 2141 in
1163 2097 1424 2144 contactu
1462 2091 1639 2143 carnis
1680 2092 2037 2160 congruentia
2072 2092 2221 2143 valet

106 2184 273 2226 peccare
313 2178 628 2248 plurimum,
655 2176 978 2246 caeterisque
1018 2177 1272 2230 sensibus
1305 2184 1388 2230 est
1426 2196 1526 2230 sua
1564 2178 1766 2249 cuique
1804 2178 2221 2232 accommodata

109 2228 196 2266 sine

110 2295 249 2323 causa.

315 2263 654 2317 modificatio
714 2281 1040 2332 corporum3
1102 2263 1273 2316 habet
1325 2264 1490 2316 etiam
1547 2265 1726 2318 honor
1775 2266 2111 2335 temporaIiS‚
2164 2272 2222 2318 et

313 2350 663 2420 imperitandi
691 2357 853 2420 atque
882 2349 1176 2419 superandi
1211 2350 1459 2420 potentia
1486 2369 1644 2404 suum
1670 2351 1858 2419 decus,
1882 2352 2028 2405 unde
2053 2353 2219 2406 etiam

313 2437 573 2490 vindictae
600 2436 832 2489 aviditas
859 2437 1058 2489 oritur:
1098 2443 1154 2489 et
1179 2442 1362 2489 tamen
1385 2438 1444 2490 in
1471 2445 1672 2492 cuncta
1703 2439 1826 2493 haec
1861 2438 2221 2509 adipiscenda

315 2543 428 2577 non
471 2530 555 2576 est
597 2523 986 2591 egrediendum
1028 2525 1127 2576 abs
1172 2530 1242 2589 te,
1283 2524 1544 2590 Domine,
1587 2543 1770 2596 neque
1814 2525 2143 2578 deviandum
2187 2544 2222 2579 a

314 2613 438 2679 lege
469 2618 581 2663 tua.
656 2612 734 2663 Et
756 2611 873 2664 vita
899 2629 1065 2682 quam
1101 2611 1194 2664 hic
1233 2612 1469 2665 vivimus
1504 2611 1685 2667 habet'
1710 2614 2024 2666 illecebram
2064 2631 2218 2666 suam

316 2705 539 2770 propter
576 2698 869 2768 quemdam
906 2698 1132 2751 modum
1172 2698 1388 2751 decoris
1420 2699 1523 2766 sui,
1549 2707 1604 2753 et
1629 2700 2066 2754 convenientiam
2093 2719 2220 2753 cum

317 2786 408 2838 his
452 2785 705 2836 omnibus
753 2784 962 2837 infimis
1008 2785 1275 2855 pulchris.
1348 2787 1610 2840 Amicitia
1660 2807 1884 2858 quoque
1932 2788 2219 2840 hominum

321 2873 489 2925 charo
534 2870 682 2922 nodo
732 2870 912 2923 dulcis
958 2878 1043 2923 est
1086 2877 1313 2940 propter
1356 2873 1622 2925 unitatem
1662 2873 1730 2926 de
1767 2873 1957 2925 multis
2004 2873 2218 2926 animis.

320 2959 555 3026 Propter
584 2957 836 3009 universa
866 2958 988 3010 haec
1024 2963 1189 3027 atque
1213 2956 1550 3027 hujusmodi,
1575 2967 1864 3029 peccatmn
1899 2959 2221 3024 admittitur,

323 3043 452 3096 dum
486 3043 842 3095 immoderata
866 3043 925 3094 in
949 3043 1058 3095 ista
1088 3043 1445 3097 inclinatione
1483 3063 1609 3098 cum
1636 3053 1883 3099 extrema
1918 3047 2065 3099 bona
2092 3047 2221 3111 sint,

320 3131 549 3182 meliora
587 3137 642 3182 et
680 3148 893 3182 summa
931 3129 1297 3197 deseruntuff,
1331 3137 1410 3195 tu,
1448 3131 1693 3186 Domine
1731 3135 1888 3187 Deus
1925 3144 2127 3199 noster,
2166 3142 2223 3187 et

328 3219 523 3271 veritas
565 3225 678 3282 tua,
718 3224 774 3270 ct
807 3218 902 3270 lex
939 3228 1052 3271 tua.
1128 3219 1362 3272 Habent
1400 3220 1547 3273 enim
1586 3228 1643 3274 et
1677 3222 1798 3275 haec
1835 3223 1947 3275 ima
1985 3222 2221 3275 delecta-

122 3315 189 3355 Ps.
208 3315 280 3364 63,
324 3305 521 3370 tioneS‚
561 3304 660 3358 sed
695 3323 808 3357 non
848 3305 992 3358 sicut
1028 3304 1186 3358 Deus
1220 3324 1377 3359 meus
1415 3307 1511 3377 qui
1549 3307 1681 3361 fecit
1716 3309 1936 3373 omnia;
1991 3309 2124 3380 quia
2158 3311 2221 3363 in

325 3395 442 3460 ipso
467 3393 777 3446 delectatur
788 3392 999 3462 justus,
1027 3399 1083 3445 et
1105 3393 1226 3462 ipse
1254 3399 1340 3445 est
1364 3392 1576 3447 deliciae
1600 3402 1874 3449 rectorum
1900 3397 2078 3450 eorde.

404 3483 489 3531 11.
530 3480 671 3533 Cum
709 3479 896 3550 itaque
922 3478 990 3532 de
1014 3478 1254 3532 facinore
1281 3480 1540 3550 quaeritur
1573 3499 1686 3551 qua.
1712 3500 1879 3536 causa
1903 3483 2106 3537 factum
2132 3483 2223 3550 sit,

329 3566 475 3619 credi
500 3586 613 3619 non
638 3567 794 3632 solet,
819 3566 927 3618 nisi
967 3585 1093 3620 cum
1131 3565 1411 3636 appetitus
1449 3565 1791 3637 adipiscendi
1830 3569 2064 3641 alicujus
2098 3568 2219 3622 illo-

384 3701 404 3726 *
445 3698 637 3739 Animum
675 3700 783 3740 enim
829 3699 984 3754 peccati
1026 3698 1245 3753 arguimus,
1298 3699 1410 3752 sergis
1441 3701 1493 3741 ad
1521 3700 1733 3742 fruendum
1762 3702 1946 3743 inferiora
1973 3714 2220 3757 praeponere.

330 3766 423 3793 cum
451 3766 544 3794 eum
574 3754 850 3796 convincimus
877 3754 1146 3810 superioribus
1174 3755 1244 3796 de-
1299 3754 1408 3810 Aug.
1427 3756 1480 3798 de
1498 3756 1593 3798 Lib.
1615 3756 1719 3800 Arb.
1737 3757 1769 3799 l.
1788 3758 1832 3799 3.
1850 3771 1892 3800 c.
1916 3758 1952 3798 l.
