2378 4134
395 115 498 166 126
874 114 929 167 S.
969 115 1414 170 AUGUSTINI
1454 116 1811 171 EPISCOPI

463 251 515 299 2.
556 244 829 299 Videbam
857 247 1004 300 enim
1029 245 1251 319 plenam
1276 249 1617 313 Ecclesiam3
1657 258 1713 303 et
1738 249 1878 308 alius
1899 249 1979 304 sic
1998 249 2136 314 ibat,
2153 249 2293 304 alius

387 339 569 386 autem
604 333 701 387 sic.
780 333 929 386 Mihi
964 342 1148 388 autem
1182 334 1513 405 displicebat
1539 335 1690 407 quod
1725 337 1958 404 agebam
1983 336 2044 388 in
2071 337 2293 403 saecule,

389 426 444 472 et
467 420 621 473 oneri
653 419 791 473 mihi
826 427 941 475 erat
974 421 1151 486 valde,
1177 439 1291 473 non
1321 421 1440 493 jam
1474 421 1945 476 inflammantibus
1982 421 2293 492 cupiditati-

386 507 512 571 buS,
538 516 600 562 ut
625 509 894 573 solebant,
923 526 1022 578 spe
1047 508 1276 561 honoris
1304 515 1359 561 et
1383 509 1656 579 pecuniae,
1684 509 1754 563 ad
1779 509 2119 562 tolerandam
2143 510 2295 565 illam
2351 518 2356 524 '

389 594 701 648 servitutem
728 602 840 648 tam
873 613 1109 663 gravem.
1186 596 1223 648 J
1225 613 1314 648 am
1352 595 1500 647 enim
1537 615 1625 649 me
1664 596 1762 650 illa
1798 615 1910 649 non
1951 596 2297 651 delectabant

184 692 251 732 Ps.
275 693 346 742 25,
386 700 500 752 prae
541 681 833 735 dulcedine
871 688 967 734 tua
1005 689 1060 734 et
1097 682 1287 734 decore
1325 681 1518 734 domus
1556 687 1664 735 tuae
1716 701 1883 753 quam
1925 684 2103 736 dilexi
2121 705 2138 741 ‚·
2199 684 2295 737 sed

388 768 570 821 adhuc
616 769 881 824 tenaciter
925 769 1231 837 colligabar
1275 786 1347 820 ex
1391 768 1623 822 femina:
1689 788 1792 824 nec
1837 789 1925 824 me
1969 770 2298 840 prohibebat

386 856 689 925 Apostolus
715 855 1018 926 conjugari,
1041 855 1291 926 quamvis
1319 855 1700 909 exhortaretur
1725 856 1797 909 ad
1822 857 2037 921 meliUS‚
2058 857 2296 910 maxime

187 942 577 993 1Cor.7.volens
620 958 809 992 omnes
850 941 1105 993 homines
1145 943 1223 993 sic
1267 958 1386 993 esse
1426 948 1492 993 ut
1534 942 1650 1009 ipse
1695 949 1835 995 erat.
1917 943 2028 996 Sed
2071 961 2173 1012 ego
2214 944 2295 996 in-

387 1028 593 1080 firmior
637 1027 908 1096 eligebam
950 1027 1256 1081 molliorem
1302 1028 1521 1081 locum:
1589 1036 1644 1082 et
1694 1037 1920 1099 propter
1967 1031 2076 1083 hoc
2127 1049 2297 1083 unum

385 1116 647 1167 volvebar
688 1115 747 1166 in
793 1115 1002 1168 caeteris
1045 1114 1360 1184 languidus,
1401 1122 1456 1169 et
1497 1116 1785 1169 tabescens
1833 1117 1978 1169 curis
2021 1117 2297 1182 marcidiS,

387 1202 574 1274 quod*
602 1203 741 1257 et2in
767 1203 890 1256 aliis
915 1205 1080 1256 rebus
1109 1223 1247 1275 quas
1273 1205 1530 1257 nolebam
1563 1205 1699 1275 pati,
1726 1223 2025 1273 congruere
2063 1206 2297 1273 cogebar

385 1292 512 1344 vitae
553 1289 852 1361 conjugali,
893 1292 985 1344 cui
1024 1291 1241 1344 deditus
1281 1291 1678 1360 obstringebar.
1757 1292 2055 1346 Audieram
2095 1310 2166 1344 ex
2206 1310 2296 1346 ore

180 1385 370 1431 Mat-19,
387 1378 666 1444 VeritatiS‚
695 1397 814 1431 esse
848 1379 1117 1448 spadones
1152 1381 1249 1450 qui
1286 1382 1486 1447 seipsos
1524 1379 1882 1432 absciderunt
1908 1386 2143 1448 propter
2179 1397 2297 1448 req-

183 1441 283 1551 1822sp
306 1497 369 1544 13,
386 1483 521 1517 mem
548 1467 803 1517 coelorum
822 1487 840 1523 ;
886 1465 1000 1531 sed,
1029 1465 1141 1522 Qui
1156 1472 1361 1534 potest,
1387 1465 1588 1536 inquit,
1615 1484 1831 1533 capere,
1858 1468 2066 1534 capiat.
2160 1468 2298 1519 Vani

187 1551 222 1590 ¹·
384 1561 515 1606 sant
542 1558 688 1606 certe
715 1571 899 1606 omnes
924 1556 1169 1606 homines
1197 1553 1394 1624 quibus
1421 1572 1529 1606 ozon
1568 1554 1713 1605 inest
1740 1555 1852 1606 Dea·
1885 1555 2153 1612 scienlz'a;
2198 1572 2297 1606 ozee

385 1642 453 1694 de
492 1642 579 1694 leis
619 1658 735 1711 quoe
771 1642 1033 1694 videntur
1072 1641 1230 1706 bona,
1260 1648 1571 1708 potuerunt
1609 1643 1860 1693 invenire
1899 1660 2023 1694 eum
2065 1643 2163 1711 qui
2200 1648 2296 1694 est.

384 1730 459 1781 At
492 1747 595 1796 ego
626 1727 745 1798 jam
785 1746 898 1780 non
939 1747 1085 1781 eram
1124 1729 1181 1780 in
1221 1728 1317 1780 illa
1357 1728 1628 1781 vanitate:
1671 1728 2113 1781 transcenderam
2141 1747 2295 1794 eam3

385 1821 440 1867 et
466 1822 807 1868 contestante
847 1813 1101 1867 universa
1140 1819 1386 1866 creatura
1411 1819 1506 1866 tua
1518 1819 1554 1878 ²¹,
1579 1812 1895 1866 inveneram
1922 1820 1975 1867 te
2004 1820 2298 1867 creatorem

383 1909 650 1967 nostrum,
679 1908 733 1954 et
770 1903 1015 1955 Verbum
1057 1909 1213 1953 tuum
1253 1899 1401 1970 apud
1442 1907 1495 1953 te
1535 1901 1738 1966 Deum,
1767 1899 2096 1972 tecumque*
2127 1919 2298 1954 unum

383 1990 585 2056 Deum,
604 2007 703 2059 per
724 1987 875 2059 quod
895 1988 1093 2041 creasti
1113 1987 1312 2040 onmia.
1393 1988 1472 2039 Et
1497 1994 1580 2040 est
1606 1987 1757 2040 aliud
1787 2006 1959 2055 genus
1986 1987 2298 2058 impiorum,

384 2077 481 2147 qui
518 2084 890 2146 coqnoscentes
929 2079 1134 2141 Deum,
1162 2094 1269 2128 non
1296 2077 1442 2128 sicut
1469 2078 1655 2128 Deum
1692 2077 2169 2144 ylorgflcaceremt,
2197 2082 2299 2128 aut

179 2178 248 2218 Ps.
271 2180 340 2225 17,
378 2167 598 2233 mutim·
628 2171 876 2231 efferunt.
960 2161 1027 2215 In
1057 2164 1163 2216 hoc
1203 2181 1424 2233 quoque
1455 2162 1792 2227 incideram3
1844 2171 1899 2215 et
1934 2164 2167 2215 dextera
2199 2170 2298 2215 tua

177 2235 247 2274 36.
382 2254 622 2319 suscepit
649 2268 748 2316 me,
777 2258 831 2304 et
855 2251 985 2304 inde
1014 2251 1258 2303 ablatum
1292 2249 1528 2319 posuisti
1555 2250 1653 2302 ubi
1682 2251 2137 2316 convalescerem,
2166 2250 2297 2321 quia

176 2353 257 2393 Job
280 2355 350 2403 28,
385 2338 579 2392 dixisti
622 2339 868 2391 homini:
936 2340 1086 2391 Ecce
1121 2339 1311 2405 pietas
1355 2344 1435 2389 est
1478 2339 1760 2405 sapientia
1779 2360 1798 2396 ;
1870 2346 1941 2403 et,
1986 2341 2121 2391 Noli
2166 2340 2299 2391 velle

177 2410 247 2449 28.
384 2426 568 2478 videre
618 2426 840 2494 sapiens
859 2447 878 2483 ;
949 2423 1211 2495 quoniam
1257 2422 1501 2475 dicentes
1544 2441 1599 2475 se
1644 2441 1755 2475 esse
1798 2425 2093 2491 sapientes,
2137 2426 2299 2477 stulti

179 2465 233 2503 Pr
265 2479 297 2503 ν.
313 2466 338 2504 3

178 2520 202 2559 7
236 2479 258 2505 ⁰
344 2496 527 2583 ¹sacti
546 2520 694 2565 semi.
749 2514 827 2565 Et
847 2514 1165 2565 inveneram
1185 2509 1303 2580 jam
1331 2509 1524 2562 bonam
1554 2513 1925 2579 onaoyarz'tawn
1938 2533 1957 2570 ;
1990 2518 2044 2564 et
2062 2512 2300 2564 venditis

176 2575 369 2671 5?sz
385 2601 635 2653 omnibus
662 2618 779 2671 quae
804 2600 1080 2664 haberem,
1106 2598 1339 2651 emenda
1369 2604 1500 2663 erat,
1527 2604 1582 2651 et
1609 2597 1948 2653 dubitabam.

178 2687 369 2782 {gat-13»
462 2693 512 2741 3.
552 2688 779 2742 Perrexi
825 2706 954 2756 ergo
995 2686 1065 2740 ad
1106 2681 1580 2755 Simplicianqu
1620 2693 1833 2756 patrem
1874 2686 1934 2738 in
1976 2685 2301 2756 accipienda

246 2797 308 2836 Ιῐ.
388 2774 596 2849 gratia*
627 2782 722 2829 tua
750 2778 912 2828 tuncc
941 2773 1192 2844 episcopi
1219 2771 1529 2824 Ambrosii*
1539 2812 1554 2838 ,
1581 2781 1636 2826 et
1661 2792 1825 2843 quem
1852 2792 1975 2826 vere
2003 2781 2064 2825 ut
2087 2782 2298 2843 patrem

180 2851 248 2891 De
270 2850 370 2892 Vic-

179 2913 309 2948 tormo
443 2936 464 2960 ²
504 2933 603 2974 Vid.
636 2946 726 2987 sup.
760 2930 814 2972 ad
843 2931 871 2970 1.
907 2930 958 2970 iv.
990 2933 1030 2978 §-
1066 2930 1131 2969 18.
1169 2943 1210 2984 p.
1244 2930 1314 2968 55.
1371 2927 1489 2967 etiam
1521 2928 1658 2968 scribit
1687 2928 1943 2974 Ambrosius,
1973 2943 2065 2970 eum
2097 2937 2124 2954 “
2147 2930 2241 2971 fidei
2262 2938 2301 2971 et

388 2995 470 3030 not.
490 3003 532 3029 x,
1373 2983 1634 3036 adquirendae
1654 2984 1891 3037 cognitionis
1911 2985 2060 3025 divinae
2090 2988 2219 3038 gratia
2239 2994 2299 3026 to-

445 3045 465 3075 b
486 3043 774 3098 Simplicianus
784 3037 1211 3096 postea“beatissimo
1224 3051 1315 3077 suc-
1374 3045 1459 3077 tum
1506 3040 1641 3079 orbem
1685 3053 1932 3093 peragrasse,
1976 3050 2015 3080 et
2057 3042 2299 3094 quotidiana}

387 3099 506 3140 cessit
534 3098 759 3144 Ambrosio,
787 3095 966 3137 ecclesiae
998 3092 1317 3135 Mediolanensis
1373 3092 1536 3134 lectioni
1586 3095 1792 3134 nocturnis
1844 3108 1891 3135 ac
1943 3095 2096 3136 diurnis
2145 3098 2302 3139 vicibus

388 3155 595 3201 antistes,’'
619 3154 826 3208 (Retract.
839 3152 881 3193 ii.
899 3151 955 3203 l.)
978 3150 1030 3190 ad
1049 3163 1141 3190 eum
1162 3148 1320 3203 scripsit
1375 3162 1494 3190 omne
1525 3150 1621 3190 vitae
1651 3151 1772 3205 hujus
1790 3157 1948 3205 tempus
1968 3151 2198 3206 deputasse,
2218 3153 2300 3193 acri

386 3211 498 3264 Aug.
513 3211 666 3251 “libros
677 3209 757 3249 duo
767 3207 818 3248 de
829 3203 1318 3260 diversisquaestionibus”
1374 3205 1594 3258 praesertim
1643 3205 1804 3258 ingenio
1851 3206 1971 3246 etiam
2029 3207 2300 3262 intelligibilia

390 3268 528 3322 (Opp.
551 3274 580 3306 t.
603 3264 654 3305 vi.
674 3279 716 3319 p.
740 3265 793 3304 82
813 3263 930 3316 sqq.)
954 3274 1128 3315 eumque
1160 3268 1316 3314 patrem
1374 3261 1724 3314 complectentem,
1756 3269 1893 3316 utpote
1922 3263 1990 3315 qui
2020 3264 2139 3304 etiam
2172 3263 2300 3318 philo-

389 3322 570 3377 appellat
587 3320 689 3374 (ib.)
705 3327 747 3360 et
762 3325 790 3344 “
807 3318 995 3359 affectum
1008 3316 1093 3371 ejus
1108 3323 1319 3371 paternum
1378 3316 1532 3369 sophiae
1553 3317 1674 3357 libros
1694 3330 1817 3371 quam
1837 3331 1862 3357 a
1882 3331 1976 3358 vero
1996 3317 2075 3358 sint
2097 3319 2200 3359 devii
2229 3318 2299 3358 de-

390 3391 441 3418 ex
470 3378 555 3432 ejus
584 3374 873 3430 benignissimo
902 3373 1022 3415 corde
1042 3386 1122 3412 non
1144 3370 1322 3426 repenti·
1377 3379 1598 3412 monstrare
1611 3372 1785 3413 soleat.'‘
1801 3374 1905 3428 (Ep.
1919 3375 1985 3414 65.
2002 3375 2038 3425 ᾗ.
2055 3377 2093 3415 5.
2112 3388 2154 3428 p.
2179 3375 2300 3415 1052.

392 3446 489 3473 num
537 3439 578 3471 et
627 3444 793 3475 novum,
832 3430 902 3471 sed
940 3434 1150 3484 expertum
1199 3427 1321 3481 plane
1376 3426 1442 3467 ed.
1465 3427 1592 3481 Ben.)
1624 3427 1704 3468 vid.
1724 3428 1828 3482 plur.
1850 3442 1913 3483 ap.
1938 3429 2172 3469 Tillemont.
2193 3429 2296 3470 Hist.

392 3486 708 3542 cognitumque”
739 3492 851 3539 grate
878 3483 1073 3538 agnoscit,
1095 3484 1198 3537 (Ep.
1219 3480 1314 3534 37.)
1373 3481 1489 3523 Eccl.
1510 3490 1538 3522 t.
1561 3498 1604 3524 x.
1624 3497 1666 3538 p.
1691 3485 1783 3524 169.
1803 3483 1895 3524 Art.
1914 3485 1958 3524 S.
1975 3484 2227 3538 Simplicien.

394 3547 421 3566 “
444 3543 685 3584 censuram''
706 3541 791 3595 ejus
811 3542 852 3581 in
874 3540 995 3580 libros
1013 3552 1123 3589 suOS,
1144 3543 1170 3560 “
1194 3538 1226 3578 si
1248 3538 1316 3591 qui
1429 3541 1449 3565 θ
1469 3542 1498 3560 “
1517 3539 1640 3586 Vale,
1657 3547 1697 3580 et
1712 3552 1784 3579 nos
1802 3539 1979 3595 parentis
1993 3539 2140 3580 affectu
2160 3539 2298 3591 dilige,

393 3598 435 3637 in
456 3605 619 3639 sanctas
647 3598 737 3653 ejus
764 3608 910 3637 manus
927 3595 1027 3635 forte
1046 3592 1314 3651 pervenerint,
1375 3599 1419 3633 ut
1459 3592 1587 3634 facis'’
1620 3595 1788 3649 (Ambr.
1822 3596 1900 3650 Ep.
1931 3596 2000 3635 65.
2031 3594 2084 3636 ad
2114 3594 2300 3650 Simplic.

394 3652 673 3707 corrigentis,'’
711 3651 878 3707 expetit.
917 3650 1021 3707 (ib.)
1080 3649 1148 3690 Ad
1185 3649 1316 3704 ipsum
1373 3647 1469 3703 fin.)
1490 3655 1518 3673 “
1537 3648 1578 3690 in
1599 3663 1646 3692 eo
1663 3658 1702 3693 et
1724 3649 1866 3692 veteris
1888 3650 2074 3693 affectum
2095 3650 2299 3697 amicstiae,
