2378 4134
210 537 292 577 xl.

161 592 307 633 Planc-

158 653 223 687 tus
242 655 282 688 et

158 717 262 742 som-

157 758 270 798 nium

157 813 295 854 matris

156 869 208 910 de
228 870 324 911 filio.

157 938 231 979 Ps.
250 939 346 987 143,

131 1029 138 1034 ,
157 1021 226 1102 Ρ.ε,
251 1062 320 1111 85,

157 1117 225 1157 13.

367 222 438 271 42
843 219 899 272 S.
938 217 1383 274 AUGUSTINI
1422 217 1781 273 EPISCOPI

366 350 591 423 capitali
641 351 917 423 supplicio
967 351 1279 406 damnanda
1317 352 1572 406 buccella
1620 350 1911 418 videretur,
1962 351 2009 405 si
2057 351 2110 405 ei
2163 349 2258 406 da-

363 446 524 493 retur.

443 530 527 579 19.
567 527 646 580 Et
679 528 884 580 misisti
915 545 1146 581 manum
1184 535 1340 581 tuam
1378 545 1452 580 ex
1487 529 1620 593 alto,
1647 534 1702 581 et
1738 526 1807 580 de
1845 527 1951 582 hac
1986 526 2260 598 profunda

363 614 597 684 caligine
624 616 818 667 eruisti
842 617 1091 668 animam
1119 633 1318 679 meam,
1346 633 1470 668 cum
1494 633 1595 685 pro
1621 633 1709 668 me
1735 616 1889 668 fleret
1914 614 1986 668 ad
2010 621 2064 667 te
2089 621 2261 667 mater

361 721 484 755 mea
519 701 699 754 fidelis
736 710 847 767 tua,
876 703 1113 773 amplius
1151 721 1316 773 quam
1354 703 1488 756 flent
1522 709 1720 756 matres
1758 720 2020 772 corporea
2052 702 2256 755 funera.

362 789 602 842 Videbat
646 789 791 842 enim
835 789 932 842 illa
974 796 1203 842 mortem
1247 807 1426 841 meam
1471 807 1543 842 ex
1587 788 1698 842 fide
1743 796 1798 842 et
1841 788 2053 859 spiritn,
2095 807 2259 860 quem

362 876 605 929 habebat
643 894 715 928 ex
752 882 839 940 te;
885 885 939 929 et
973 875 1250 930 exaudisti
1284 894 1422 942 eam,
1450 876 1709 929 Domine.
1786 875 2085 930 Exaudisti
2120 895 2258 942 eam,

362 983 463 1018 nec
493 964 797 1034 despexisti
822 965 1092 1034 lacrymas
1119 964 1254 1036 erS‚
1283 983 1408 1018 cum
1434 964 1767 1034 profluentes
1790 963 2030 1033 rigarent
2063 971 2259 1017 terram

362 1056 463 1107 sub
503 1053 677 1107 oculis
716 1053 850 1123 ejus,
876 1053 935 1104 in
975 1053 1123 1106 omni
1160 1054 1285 1106 loco
1325 1053 1587 1106 orationis
1625 1052 1770 1124 ejus3
1810 1053 2087 1107 exaudisti
2120 1072 2256 1106 eam.

362 1142 508 1194 Nam
544 1139 690 1193 unde
726 1139 865 1192 illud
902 1141 1193 1207 somnium,
1223 1159 1333 1211 quo
1371 1159 1491 1194 eam
1531 1142 1845 1194 consolatus
1882 1160 1957 1208 eS‚
1984 1148 2046 1194 ut
2078 1141 2258 1194 vivere

359 1246 447 1281 me
484 1225 846 1280 concederet*
875 1234 930 1280 et
965 1227 1168 1280 habere
1206 1246 1394 1281 secum
1430 1227 1677 1281 eamdem
1706 1246 1951 1282 mensam
1976 1228 2036 1280 in
2062 1227 2257 1294 domo;

360 1314 511 1386 quod
534 1315 680 1367 nolle
709 1321 967 1385 coeperat‚
996 1333 1251 1368 aversans
1278 1323 1331 1368 et
1367 1314 1642 1369 detestans
1666 1315 2039 1386 blasphemias
2066 1316 2259 1369 erroris

357 1402 503 1456 mei?
582 1401 738 1455 Vidit
779 1402 925 1454 enim
971 1409 1204 1455 stantem
1249 1421 1305 1455 se
1351 1403 1409 1455 in
1456 1402 1693 1474 quadam
1736 1402 1926 1472 regula
1967 1403 2168 1471 lignea,
2206 1410 2261 1456 et

358 1489 739 1544 advenientem
773 1488 844 1542 ad
880 1507 936 1541 se
964 1489 1224 1561 juvenem
1261 1489 1628 1560 splendidum,
1655 1490 1884 1542 hilarem
1923 1497 2089 1562 atque
2129 1491 2257 1543 arri-

359 1577 577 1631 dentem
605 1576 728 1641 sibi,
757 1595 882 1630 cum
912 1577 1009 1629 illa
1046 1584 1189 1629 esset
1223 1595 1458 1629 moerens
1491 1583 1545 1629 et
1579 1595 1808 1630 moerore
1835 1578 2119 1631 confecta:
2162 1579 2259 1649 qui

359 1683 485 1718 cum
523 1682 716 1718 causas
746 1663 1034 1734 quaesisset
1070 1665 1138 1717 ab
1167 1682 1232 1716 ea
1255 1663 1532 1717 moestitiae
1562 1682 1674 1716 suae
1704 1663 2257 1736 quotidianarumque

355 1752 737 1822 lacrymarum,
775 1750 1030 1815 docendi,
1066 1757 1129 1803 ut
1167 1752 1386 1816 assolet,
1422 1770 1534 1804 non
1574 1750 1824 1804 discendi
1866 1752 2057 1820 gratia,
2094 1759 2258 1823 atque

356 1840 454 1892 illa
499 1838 875 1909 respondisset
923 1838 1286 1908 perditionem
1337 1857 1515 1891 meam
1566 1857 1624 1891 se
1674 1840 1972 1909 plangere3
2025 1840 2258 1911 jussisse

355 1926 511 1978 illum
556 1945 665 1997 quo
716 1944 906 1978 secura
950 1932 1111 1991 esset,
1150 1936 1314 1996 atque
1361 1925 1710 1979 admonuisse
1755 1933 1817 1978 ut
1862 1925 2163 1980 attenderet
2207 1935 2262 1981 et

356 2013 578 2079 videret,
603 2013 700 2066 ubi
728 2020 872 2066 esset
902 2013 1017 2079 illa,
1042 2014 1122 2067 ibi
1150 2032 1271 2067 esse
1298 2022 1353 2067 et
1383 2033 1486 2068 me.
1565 2015 1728 2076 Quod
1752 2016 1851 2069 illa
1876 2017 1973 2069 ubi
2003 2016 2254 2083 attendit,

356 2100 495 2152 vidit
527 2119 614 2153 me
643 2101 809 2172 juxta
846 2119 902 2153 se
939 2101 999 2152 in
1031 2100 1222 2154 eadem
1251 2103 1442 2170 regula
1471 2109 1719 2155 stantem.
1802 2102 1966 2156 Unde
1996 2104 2124 2169 hoc,
2149 2105 2259 2158 nisi

358 2187 489 2257 quia
513 2194 665 2241 erant
691 2206 847 2240 aures
873 2194 981 2239 tuae
1010 2187 1080 2240 ad
1106 2206 1200 2240 cor
1225 2187 1375 2258 ejus?
1431 2190 1479 2241 O
1507 2195 1585 2254 tu,
1604 2191 1748 2242 bone
1776 2191 2141 2261 omnipotenS‚
2163 2193 2260 2263 qui

358 2275 436 2327 sic
476 2293 633 2329 curas
670 2293 1116 2346 unumquemque
1154 2282 1419 2342 nostrum,
1454 2283 1715 2348 tanquam
1756 2279 1932 2331 solum
1974 2298 2162 2345 cures3
2205 2288 2259 2334 et

358 2363 438 2416 sic
470 2383 678 2430 omnes,
705 2372 970 2435 tanquam
997 2363 1270 2434 singulos!

431 2456 520 2504 20.
564 2451 728 2505 Unde
747 2451 887 2504 illud
905 2453 1085 2518 etiam,
1101 2452 1249 2524 quod
1270 2471 1395 2505 cum
1414 2453 1551 2505 mihi
1571 2462 1842 2507 narrasset
1859 2455 2043 2526 ipsum
2060 2457 2258 2522 visum,

358 2548 413 2593 et
441 2558 543 2609 ego
575 2540 646 2594 ad
675 2540 735 2593 id
764 2541 975 2594 trahere
1009 2560 1252 2607 conarer,
1280 2550 1341 2595 ut
1374 2541 1471 2596 illa
1506 2561 1563 2595 se
1593 2542 1778 2613 potius
1809 2563 1920 2596 non
1952 2544 2261 2616 desperaret

354 2628 592 2681 futuram
638 2647 757 2681 esse
801 2629 951 2699 quod
995 2648 1174 2694 era1n3
1219 2629 1481 2683 continuo
1522 2630 1638 2683 sine
1678 2631 1864 2703 aliqua
1900 2633 2260 2702 haesitatione,

357 2716 390 2741 “
421 2716 568 2781 Non,
594 2716 805 2787 inquit:
846 2736 957 2770 non
990 2718 1137 2770 enim
1169 2718 1308 2770 mihi
1335 2718 1543 2771 dictum
1569 2727 1668 2786 est,
1699 2720 1815 2774 Ubi
1841 2720 1953 2787 ille,
1979 2721 2061 2774 ibi
2088 2730 2143 2775 et
2167 2730 2258 2788 tu;

357 2801 391 2828 “
418 2801 532 2868 sed,
562 2802 676 2855 Ubi
702 2811 779 2869 tu,
799 2803 879 2855 ibi
907 2811 962 2856 et
986 2804 1129 2857 ille.'’
1208 2804 1489 2858 Confiteor
1514 2805 1631 2872 tibi,
1652 2807 1910 2875 Domine,
1930 2808 2258 2862 recordatio-

354 2905 480 2939 nem
506 2906 686 2941 meam
713 2897 979 2959 quantum
1004 2891 1204 2956 recolo,
1227 2890 1376 2961 quod
1403 2909 1549 2960 saepe
1576 2911 1688 2945 non
1715 2894 1880 2958 tacui,
1908 2896 2144 2965 amplius
2170 2914 2258 2948 me

356 2973 462 3026 isto
505 2992 603 3043 per
644 2982 871 3028 matrem
915 2977 1235 3045 vigilantem
1279 2995 1542 3047 responso
1581 2985 1695 3045 tu0‚
1733 2980 1881 3050 quod
1929 2988 2040 3034 tam
2076 2983 2260 3036 vicina

357 3060 823 3131 interpretationis
866 3064 1101 3116 falsitate
1153 3065 1371 3116 turbata
1419 3082 1531 3117 non
1577 3073 1676 3130 est,
1716 3074 1771 3119 et
1811 3074 1922 3120 tam
1969 3069 2078 3122 cito
2123 3070 2262 3124 vidit

363 3148 512 3220 quod
538 3149 835 3203 videndum
869 3152 990 3218 fuit,
1018 3152 1167 3224 quod
1202 3172 1307 3222 ego
1346 3160 1510 3218 certe,
1538 3161 1833 3226 antequam
1871 3156 2121 3224 dixisset,
2146 3178 2259 3211 non

363 3323 547 3365 arguam,
565 3312 839 3353 crudelitatem
861 3327 914 3354 an
933 3313 1189 3355 vecordiam!
1218 3315 1284 3355 Ib.
1341 3313 1436 3354 facit
1471 3327 1609 3354 verum
1648 3314 1905 3356 homicidium
1951 3316 1992 3357 in
2041 3317 2260 3360 hominem.

363 3379 400 3406 c.
426 3368 491 3406 16.
551 3368 707 3408 Panem
731 3369 970 3410 mendicanti
990 3383 1070 3410 non
1090 3369 1280 3424 porrigit:
1342 3369 1453 3418 Aug.
1485 3369 1525 3408 in
1568 3370 1634 3410 Ps.
1673 3372 1762 3412 140.
1800 3373 1834 3424 §.
1871 3374 1932 3412 ll.
1991 3374 2111 3429 nagal.
2145 3382 2260 3414 Μανι-

362 3421 523 3475 quaeris,
559 3427 710 3477 quare‘!
770 3425 835 3465 Ne
869 3425 991 3465 vitam
1027 3439 1119 3479 quae
1147 3432 1207 3466 est
1244 3424 1288 3465 in
1343 3424 1471 3477 χαίοις
1505 3424 1607 3470 ἵλεος
1643 3426 1710 3466 οὐκ
1739 3427 1852 3472 ἔστιν.
1885 3429 2000 3468 ἀλλὰ
2033 3431 2102 3470 καὶ
2131 3430 2260 3485 ἒχθρὸν

365 3489 485 3530 pane.
505 3492 628 3532 quam
657 3480 797 3520 dicunt
824 3481 1048 3521 membrum
1072 3480 1168 3528 Dei,
1191 3481 1287 3521 sub·
1344 3481 1437 3524 ἔστι.
1459 3482 1550 3536 παρ’
1571 3482 1714 3528 αὐτοῖς,
1732 3482 1777 3523 τὶ
1798 3484 1909 3524 ἐλεεῖν
1929 3484 2089 3529 πίνηται.
2131 3486 2260 3525 Atha-

362 3532 550 3573 stautiam
572 3533 764 3584 divinam,
786 3536 992 3577 mendIcus
1011 3535 1079 3576 ille
1099 3536 1285 3591 accipiat,
1343 3536 1476 3576 nasius
1499 3536 1602 3576 Hist.
1621 3538 1671 3577 de
1693 3538 1831 3579 Arian.
1852 3541 1902 3579 ad
1921 3541 2113 3580 Monacb.
2133 3554 2170 3580 c.
2186 3542 2254 3582 61.

362 3594 404 3626 et
430 3587 526 3641 liget
554 3602 642 3629 eam
677 3589 720 3630 in
754 3604 890 3632 carne.
963 3593 1070 3646 Ergo
1099 3591 1285 3632 buccella
1343 3591 1416 3635 Τὺν
1441 3589 1476 3632 δῖ
1502 3592 1550 3636 εἷς
1581 3593 1665 3637 τοὺς
1688 3593 1853 3640 πένητας
1874 3595 2063 3647 γινομένην
2091 3594 2256 3644 διαβάλ-

365 3654 415 3682 ne
433 3643 549 3683 detur
582 3645 779 3695 mendico,
799 3654 839 3687 et
871 3647 999 3702 ploret
1027 3647 1068 3687 in
1097 3647 1284 3688 buccella
1341 3655 1446 3688 λουσι
1483 3649 1777 3704 φιλανθρωπίαν,
1819 3653 1887 3697 «τῆς
1931 3651 2026 3696 ὅλης
2066 3649 2153 3691 εἶναι
2191 3651 2259 3691 λί-

363 3698 589 3738 membrum
612 3700 707 3744 Dei,
726 3701 936 3743 mendicus
950 3702 1055 3744 fame
1071 3702 1285 3744 moriturus
1342 3719 1471 3756 ymas
1500 3703 1710 3760 dugaoets'oev.
1741 3706 1981 3749 Theodoret.
2013 3706 2125 3748 Haer.
2156 3707 2259 3748 Fab.

362 3754 455 3792 est'!
503 3753 625 3796 Falsa
659 3755 930 3799 misericordia
962 3758 1004 3799 in
1037 3758 1282 3812 buccellam,
1341 3759 1369 3799 1.
1390 3760 1462 3801 26.
