2378 4134
325 196 394 243 ‘27
400 194 434 243 8
805 192 860 245 S.
901 190 1345 246 AUGUSTINI
1385 190 1742 244 EPISCOPI

107 335 316 397 ‘xxx-111
406 327 494 379 48.
536 324 790 379 Laudent
822 333 874 379 te
914 343 1081 396 opera
1105 331 1216 390 tua,
1254 330 1316 378 ut
1351 342 1595 381 amemus
1625 332 1710 388 te3
1751 333 1806 378 et
1833 343 2077 381 amemus
2110 325 2219 392 ιε’,

120 389 309 483 Jerffi'ffio
328 417 390 464 ut
413 410 641 465 laudent
666 419 719 466 te
746 429 917 484 opera
938 420 1051 478 tua,
1080 431 1205 483 quae
1230 411 1440 466 habent
1462 411 1680 466 initium
1711 421 1766 466 et
1797 411 1964 466 finem
1989 430 2062 467 ex
2089 423 2220 467 tem-

117 499 200 538 ssive
220 498 271 539 de
323 516 476 569 pore,
511 509 688 552 ortum
728 508 783 554 et
821 518 1097 564 occasum,
1130 500 1435 569 profectum
1474 506 1530 552 et
1567 499 1858 565 defectum,
1892 499 2134 570 speciem
2168 510 2223 556 et

117 566 307 650 Ῐῗῖῑριζῖῒ
321 587 702 659 privationem.
781 591 1011 643 Habent
1044 607 1172 658 ergo
1211 589 1608 660 consequentia
1638 607 1798 642 mane
1834 595 1889 642 et
1922 606 2221 660 vesperam,

116 665 189 706 ¹³³·
321 676 520 746 partim
547 677 794 743 latenter,
820 677 1019 748 partim
1056 676 1350 730 evidenter.
1428 676 1515 728 De
1552 675 1728 729 nihilo
1767 676 1914 730 enim
1950 694 1983 729 a
2013 683 2084 741 te,
2110 695 2222 730 non

323 763 390 816 de
420 771 471 819 te
498 763 643 818 facta
669 773 812 829 sunt,
838 782 951 816 non
980 763 1047 816 de
1075 763 1261 833 aliqua
1286 781 1402 815 non
1430 771 1526 816 tua
1537 760 1581 829 ³⁸,
1599 764 1686 816 vel
1713 782 1838 834 quae
1866 770 2026 816 antea
2045 762 2222 831 fuerit,

322 850 419 904 sed
454 850 522 903 de
559 858 865 917 concreata,
896 850 954 902 id
994 858 1079 903 est
1114 851 1277 903 simul
1304 870 1336 903 a
1362 859 1414 903 te
1443 858 1623 904 ereata
1650 850 1905 915 materia3
1946 851 2077 921 quia
2102 849 2221 922 ejus

320 938 707 990 informitatem
737 938 853 990 sine
879 938 991 990 ulla
1019 937 1280 1007 temporis
1307 937 1727 1008 interpositione
1751 937 2009 992 formasti.
2078 939 2223 991 Nam

321 1043 447 1077 cum
495 1021 644 1076 aliud
690 1023 761 1076 sit
806 1024 931 1076 coeli
977 1030 1032 1076 et
1079 1030 1234 1076 terrae
1279 1024 1552 1089 materieS‚
1592 1022 1742 1076 aliud
1788 1025 1916 1078 coeli
1968 1031 2023 1077 et
2070 1033 2222 1079 terrae

321 1111 568 1181 species3
609 1111 889 1163 materiem
932 1110 1155 1181 quidem
1198 1109 1265 1163 de
1309 1111 1533 1163 omnino
1571 1110 1767 1175 nihile,
1808 1111 1999 1164 mundi
2042 1121 2223 1166 autem

321 1199 562 1269 speciem
601 1198 667 1250 de
694 1199 911 1251 informi
938 1198 1181 1263 materia,
1211 1200 1372 1251 simul
1406 1207 1586 1252 tamen
1621 1206 1911 1270 utrumque
1943 1199 2139 1265 fecisti,
2164 1208 2226 1254 ut

320 1287 602 1340 materiam
630 1287 818 1353 forma,
846 1287 996 1339 nulla
1021 1305 1184 1339 morae
1214 1285 1642 1357 intercapedine,
1671 1295 2002 1357 sequeretur.

117 1390 305 1449 xxxiv
397 1375 483 1426 49.
528 1375 886 1444 Inspeximus
913 1374 1074 1426 etiam
1101 1382 1325 1444 propter
1346 1393 1578 1445 quorum
1603 1373 1989 1442 figurationem
2013 1374 2120 1428 ista
2138 1377 2224 1428 vel

115 1443 286 1538 (1.,ἰέΞί
322 1463 418 1515 tali
446 1461 634 1515 ordine
662 1461 796 1526 fieri,
825 1462 911 1515 vel
938 1462 1033 1514 tali
1059 1461 1248 1513 ordine
1281 1462 1446 1514 scribi
1481 1461 1723 1527 voluisti,
1751 1473 1806 1514 et
1830 1460 2067 1515 vidimus
2095 1463 2225 1534 quia

115 1550 460 1616 nemun-,bona
502 1557 632 1602 sunt
679 1549 915 1617 singula,
959 1557 1012 1601 et
1056 1551 1242 1601 omnia
1290 1548 1427 1601 bona
1474 1549 1649 1615 valde,
1690 1550 1746 1600 in
1788 1551 1971 1602 Verbo
2010 1558 2126 1616 tue,
2165 1550 2223 1602 in

114 1611 255 1717 22:³51&
262 1636 274 1640 “
324 1639 507 1691 Unico
541 1645 664 1699 tuo;
706 1639 898 1689 eoelmn
938 1644 988 1688 et
1033 1643 1260 1700 terram,
1296 1643 1463 1706 caput
1505 1644 1557 1688 et
1597 1655 1797 1706 corpus
1840 1637 2130 1702 Ecclesiae,
2165 1637 2221 1689 in

115 1737 216 1784 «ΨΟ
242 1723 272 1760 i.
319 1724 801 1795 praedestinatione
848 1732 973 1776 ante
1015 1723 1198 1776 onmia
1235 1732 1498 1793 tempora,
1537 1724 1652 1775 sine
1695 1742 1853 1776 mane
1890 1732 1944 1776 et
1984 1742 2223 1794 vespera.

116 1787 183 1818 Μ’
327 1815 440 1867 Ubi
491 1823 670 1866 autem
724 1814 941 1883 coepisti
1004 1813 1391 1884 praa-destinata
1441 1813 1812 1882 temporaliter
1862 1814 2114 1883 exsequi,
2164 1821 2224 1865 ut

323 1902 539 1955 occulta.
595 1901 990 1965 manifestareS,
1050 1908 1103 1953 et
1160 1901 1527 1971 incomposita
1593 1908 1777 1953 nostra
1836 1918 2224 1970 componeres;

323 1991 583 2061 quoniam
638 2009 802 2059 super
846 2008 946 2040 nos
992 1997 1143 2041 erant
1183 1997 1413 2058 peccata
1458 1997 1661 2055 nostra,
1700 1995 1752 2041 et
1796 1990 1852 2040 in
1895 1987 2225 2058 profundum

323 2080 668 2131 tenebrosum
706 2079 1013 2131 abieramus
1053 2078 1152 2129 abs
1191 2084 1261 2142 te,
1290 2084 1342 2128 et
1382 2079 1631 2144 Spiritus
1665 2084 1795 2129 tuus
1828 2078 2006 2128 bonus
2036 2095 2224 2145 super-

304 2166 603 2236 ferebatur
643 2166 711 2218 ad
749 2164 1186 2217 subveniendum
1225 2165 1385 2216 nobis
1411 2167 1468 2216 in
1500 2172 1740 2232 tempore
1775 2172 2110 2233 opportuno:
2171 2174 2225 2219 et

313 2255 634 2325 justificasti
668 2255 889 2325 impios,
918 2263 971 2306 et
1002 2254 1318 2306 distinct-isli
1355 2272 1449 2306 eos
1484 2255 1552 2306 ab
1592 2254 1799 2325 iniquis
1818 2275 1831 2319 3
1888 2262 1942 2307 et
1975 2255 2223 2308 solidasti

324 2343 701 2397 auctoritatem
731 2342 884 2393 Libri
911 2342 991 2395 tui
1019 2342 1162 2394 inter
1194 2342 1499 2411 superiores
1528 2342 1623 2412 qui
1656 2343 1757 2394 tibi
1791 2342 1997 2395 dociles
2025 2350 2224 2407 essent,

323 2435 378 2480 et
410 2427 692 2480 inferiores
728 2427 824 2496 qui
862 2426 941 2478 eis
988 2425 1377 2491 subderentur,
1438 2435 1491 2479 et
1528 2429 1871 2495 conyreyaslz'
1909 2424 2223 2479 societatem

323 2515 630 2568 infidelium
683 2515 740 2566 in
794 2533 964 2567 ‘zenam
1020 2515 1502 2584 conspirationem,
1554 2522 1616 2566 ut
1667 2521 1992 2584 apparerent
2046 2513 2227 2567 studia

326 2603 590 2668 fidelium,
637 2611 692 2655 et
738 2602 836 2655 tibi
889 2621 1056 2672 opera
1095 2601 1482 2655 misericordiae
1528 2610 1797 2671 parerent,
1839 2601 2226 2654 distribuentes

324 2693 487 2744 etiam
527 2690 863 2761 pauperibus
898 2697 1134 2742 terrenas
1175 2689 1463 2742 facultates
1499 2690 1568 2743 ad
1603 2690 1937 2760 acquirenda
1963 2690 2222 2744 coelestia.

322 2780 399 2831 Et
423 2778 552 2830 inde
580 2776 882 2830 accendisti
909 2776 1160 2847 quaedam
1187 2779 1495 2830 luminaria
1522 2778 1981 2846 infirmamenw,
2001 2779 2223 2830 verbum

322 2866 447 2918 vitae
493 2867 760 2918 habentes
807 2871 1027 2918 sanctos
1079 2871 1220 2929 tUOS,
1265 2871 1320 2916 et
1365 2864 1742 2935 spiritualibus
1789 2863 1948 2918 donis
1998 2866 2225 2934 praelata

325 2954 546 3004 sublimi
579 2951 900 3005 auctoritate
925 2951 1226 3019 fulgentes:
1270 2962 1322 3004 et
1346 2951 1475 3004 inde
1510 2952 1580 3005 ad
1615 2951 1942 3004 imbuendas
1973 2951 2225 3004 infideles

326 3047 531 3107 gente&
568 3039 921 3092 Sacramenta
954 3046 1007 3091 et
1045 3039 1308 3091 miracula
1341 3039 1598 3102 visibilia,
1625 3057 1900 3109 vocesque
1938 3040 2222 3091 verborum

323 3127 623 3179 secundum
646 3127 1083 3194 firmamentum
1113 3123 1267 3176 Libri
1301 3123 1398 3190 tui,
1427 3125 1630 3194 quibus
1658 3124 1821 3176 etiam
1850 3124 2042 3177 fideles
2069 3124 2223 3177 bene-

324 3216 661 3278 dicerentur,
701 3232 772 3266 ex
811 3212 1037 3266 materia
1071 3211 1340 3281 corporali
1377 3211 1721 3282 produxisti:
1772 3218 1826 3264 et
1852 3211 2050 3265 deinde
2088 3211 2222 3285 fide-

324 3303 458 3354 lium
486 3301 723 3355 animam
750 3301 931 3353 vivam
957 3317 1056 3370 per
1081 3300 1311 3353 affectus
1345 3299 1622 3352 ordinatos
1659 3299 2010 3352 continentiae
2037 3300 2223 3366 vigore

326 3386 634 3453 formasti*;
675 3395 839 3458 atque
875 3388 1004 3440 inde
1044 3386 1144 3440 tibi
1187 3387 1289 3439 soli
1324 3394 1560 3440 mentem
1598 3386 1893 3452 subditam,
1932 3395 1986 3440 et
2017 3388 2222 3440 nullius

330 3535 545 3574 admodum
577 3533 655 3575 fere
678 3535 787 3575 Gen.
807 3535 848 3583 3,
877 3534 938 3573 16.
966 3533 1247 3587 interpretatur
1303 3531 1343 3571 id
1362 3539 1435 3579 est,
1455 3532 1495 3572 in
1514 3532 1693 3573 masculo
1708 3540 1747 3573 et
1763 3532 1922 3580 femina,
1939 3532 2059 3573 etiam
2078 3532 2118 3572 in
2139 3545 2219 3572 uno

333 3591 440 3642 Aug.
471 3592 520 3630 de
559 3591 667 3631 Gen.
700 3604 737 3631 c.
769 3588 953 3629 Manich.
981 3589 1008 3627 1.
1037 3587 1074 3628 ii.
1110 3588 1147 3639 ᾗ.
1182 3589 1246 3627 15.
1304 3586 1463 3628 homine
1486 3588 1725 3628 considerari
1749 3588 1892 3642 possit:
1925 3595 1968 3628 ut
1995 3587 2216 3643 appetitum

331 3645 394 3684 Ad
417 3645 534 3697 hujus
555 3646 609 3686 rei
627 3646 856 3700 exemplum
876 3644 1025 3684 femina
1045 3643 1151 3683 facta
1173 3650 1244 3690 est,
1304 3641 1467 3689 animae,
1497 3656 1565 3698 per
1598 3657 1717 3697 quem
1748 3645 1798 3684 de
1831 3644 2018 3685 membris
2046 3641 2218 3698 corporis

328 3713 448 3752 quam
470 3714 599 3740 rerum
621 3702 716 3742 ordo
734 3701 924 3754 subjugat
934 3699 1018 3740 viro
1035 3716 1042 3739 :
1077 3705 1121 3739 ut
1139 3699 1246 3752 quod
1304 3711 1530 3752 operamur,
1549 3698 1697 3740 habeat
1712 3713 1824 3739 mens
1838 3699 1996 3742 interior
2012 3706 2216 3752 tamquam

329 3756 368 3795 in
394 3756 551 3796 duobus
569 3757 793 3797 hominibus
818 3754 1037 3798 evidentius
1066 3761 1245 3809 apparet,
1305 3753 1428 3795 virilis
1447 3754 1544 3796 ratio
1565 3754 1841 3808 subjugatum.
