2378 4134
1062 194 1333 246 INDEX.

273 331 583 377 Reminiscentia
599 332 710 390 quid,
734 333 826 375 181.

358 388 446 430 uies
474 388 621 431 animae
658 387 767 429 solus
801 389 862 426 est
899 384 1029 432 Deus,
1073 384 1166 425 102.

367 443 536 484 uomodo
571 443 685 483 Deus
719 439 938 495 requiescet
974 441 1017 480 in
1053 438 1167 478 nobis

320 497 487 538 sabbato
527 504 687 538 aeternae
731 493 837 542 vitoe,
875 493 970 534 279.
1030 492 1082 532 In
1119 492 1167 532 iis

322 551 561 606 requiescere
599 549 742 591 dicitur
774 548 943 604 Spiritus
981 547 1166 591 Sanctus,

321 619 420 660 quos
436 605 478 646 in
498 619 539 648 se
558 604 799 659 requiescere
821 601 930 647 facit,
950 603 1047 643 251.
1079 601 1166 642 Vid.

323 660 463 708 Quies.

273 715 493 755 Restituere
526 710 692 768 pretium
739 725 819 765 quo
867 709 1047 751 Christus
1094 723 1165 750 nos

319 769 427 814 emit,
457 780 573 809 nemo
606 767 728 814 valet,
758 774 802 806 ut
830 779 902 806 nos
929 767 966 806 ei
995 764 1161 812 auferat,

266 878 358 918 Rex
396 889 499 917 nova
543 882 745 930 praecepta
790 874 992 929 imponere
1036 879 1165 928 potest

317 931 497 977 subditis,
519 931 586 970 37.

265 985 480 1026 Rhetorica
509 985 650 1024 dicitur
683 983 889 1023 victoriosa
928 982 1165 1035 loquacitas,

317 1040 383 1080 46.
426 1040 534 1079 illam
562 1040 676 1079 docet
703 1038 812 1090 Aug.
838 1039 905 1078 46.
947 1037 1164 1089 Thagaste,

317 1095 386 1140 46,
403 1096 472 1139 52,
500 1094 568 1133 49.
607 1092 866 1145 Carthagine,
898 1092 963 1131 52.
1009 1091 1162 1137 Romae,

316 1149 384 1196 70,
404 1150 473 1189 78.
509 1147 748 1192 Mediolani,
774 1147 841 1187 79.
879 1146 986 1185 illius
1013 1145 1159 1199 profes·

316 1202 464 1242 sionem
483 1201 639 1248 deserit,
662 1202 756 1241 149.

262 1256 450 1297 Romana
494 1256 680 1296 nobilitas
724 1253 957 1294 idololatriae
1009 1252 1156 1300 dedita,

262 1364 436 1404 Romani
482 1363 701 1404 scholastici
734 1364 939 1417 magistros
972 1361 1158 1402 fraudare

312 1419 429 1463 soliti,
449 1420 516 1459 78.

266 1473 535 1513 Romanianus
572 1471 868 1524 Thagastensis.
916 1469 1053 1525 Alypii
1090 1483 1156 1509 co-

310 1536 468 1580 gnatus,
489 1529 595 1579 Aug.
612 1528 663 1566 ab
679 1527 840 1567 ineunte
866 1533 982 1564 aetate
1011 1525 1156 1564 famili-

310 1582 523 1630 arissimus,
563 1582 653 1626 100,
684 1594 724 1620 n.
772 1580 836 1619 cui
870 1581 920 1618 ad
951 1579 1157 1633 peregrina

309 1637 441 1675 studia
468 1635 643 1690 pergenti
672 1643 845 1674 sumtum
877 1633 1158 1686 suppeditavit,

310 1691 366 1729 ib.
402 1704 463 1729 res
492 1690 578 1742 ejus
607 1690 756 1742 ampla,
786 1690 840 1728 ib.
881 1688 1154 1727 Mediolanum

310 1745 360 1783 ad
390 1745 631 1785 Comitatum
662 1744 914 1796 Imperatoris
931 1743 982 1781 ob
1004 1742 1158 1794 negotia

311 1799 442 1838 venire
462 1798 687 1851 compulsus
706 1808 778 1844 est,
798 1798 961 1836 docente
987 1796 1043 1835 ibi
1072 1797 1158 1835 Au-

310 1853 480 1902 gustino,
512 1854 570 1891 ib.
610 1853 715 1893 Vitae
753 1850 954 1891 communi
993 1850 1157 1903 agendae

312 1908 462 1946 multus
481 1908 616 1952 instat,
636 1906 694 1946 ib.

259 1961 403 1999 Romae
427 1961 642 2000 Manichaei
665 1959 801 2014 plures
826 1965 973 1998 secreto
1003 1957 1155 1998 habita·

311 2015 422 2059 bant,
442 2017 508 2055 76.
543 2015 669 2055 verbis
690 2012 906 2067 conceptiS,
926 2013 1162 2066 retentisque

310 2071 543 2116 memoriter,
555 2069 665 2109 reddi
682 2069 834 2107 solebat
850 2068 940 2107 fidei
956 2067 1162 2114 confessio,

309 2124 359 2162 ab
390 2123 436 2162 iis
465 2124 534 2176 qui
561 2122 755 2163 accessuri
779 2129 890 2160 erant
917 2122 967 2161 ad
996 2123 1163 2169 gratiam

308 2176 518 2230 Baptismi,
565 2179 656 2225 128,
687 2178 727 2216 9.
755 2175 882 2215 offerri
915 2175 1067 2215 solebat
1091 2189 1162 2228 pro

306 2230 469 2270 mortuis
497 2231 731 2271 sacrificium
762 2229 874 2285 pretii
904 2230 1037 2274 nostri,
1067 2230 1154 2283 jam

301 2285 417 2337 juxta
437 2288 663 2340 sepulcrum
682 2287 808 2339 posito
828 2286 1039 2334 cadavere,
1065 2285 1154 2325 165.

679 2446 721 2485 S.

250 2555 441 2596 Sacerdos
471 2554 651 2596 Christus
680 2561 719 2594 et
748 2554 996 2600 sacrificium,
1025 2554 1148 2594 victor

302 2617 340 2648 et
361 2610 531 2658 victima,
551 2611 646 2648 203.

255 2662 523 2704 Sacramenta.
565 2662 707 2703 Curiis
722 2675 923 2715 egeamus,
944 2662 1039 2702 265.
1077 2661 1148 2701 Sa-

302 2726 504 2757 cramenta
538 2717 682 2758 Christi
728 2730 798 2770 per
844 2723 969 2756 totum
1014 2717 1147 2756 orbem

303 2779 554 2822 pervaserunt
572 2784 692 2824 opera
716 2784 912 2810 servorum
935 2770 1029 2816 Dei,
1050 2772 1146 2810 264.

304 2826 415 2865 Deus
427 2827 466 2865 in
484 2839 617 2866 eorum
637 2825 822 2864 ministris
839 2833 1034 2876 operatur,
1052 2827 1146 2864 266.

301 2881 560 2920 Sacramenta
590 2879 803 2927 initiorum,
829 2881 926 2924 274,
965 2881 1025 2926 10,
1046 2881 1086 2925 9,
1107 2894 1146 2918 n.

307 2933 433 2974 Homo
452 2934 636 2988 spiritalis
649 2933 803 2987 judicat
820 2934 867 2973 de
881 2933 1144 2974 sollemnitate

307 2987 650 3028 Sacramentorum
685 2988 829 3040 quibus
866 2988 1068 3027 initiamur
1104 2995 1144 3028 et

305 3042 580 3086 Eucharistiae.
602 3044 695 3082 269.
743 3043 1001 3082 Sacramenta
1036 3043 1141 3082 Novi

300 3095 334 3132 Τ
337 3103 410 3137 est.
437 3097 535 3136 dant
560 3098 740 3142 salutem,
769 3103 1018 3136 sacramenta
1047 3098 1140 3138 Vet.

2030 199 2130 249 321

1277 328 1484 374 cadavere,
1499 326 1594 368 165.
1623 325 1868 369 Sacrificium
1881 325 2128 384 cogitationis

1275 387 1316 422 et
1335 381 1500 436 linguae,
1518 381 1618 422 206.

1221 435 1382 477 Soeculo
1402 449 1481 476 non
1497 441 1649 490 oportet
1677 435 1930 483 conformari,
1949 436 2018 478 sed
2035 434 2127 477 imi·

1278 490 1354 531 tari
1371 490 1588 531 imitatores
1607 489 1771 538 Christi,
1790 491 1886 532 267.

1222 543 1292 585 Sal
1311 544 1355 584 in
1371 544 1552 585 ecclesiis
1572 543 1899 585 Occidentalibus
1925 544 2127 586 Catechu-

1277 599 1401 639 menis
1419 600 1676 652 gustandum,
1695 611 1775 652 qua
1805 606 1950 648 mente,
1969 600 2124 646 datum,

1277 653 1346 699 91,
1383 666 1424 693 n.
1482 651 1576 693 Sale
1614 659 1676 692 est
1713 653 1912 700 conditus,
1939 654 2047 706 Aug.
2071 655 2124 694 ab

1275 714 1388 747 utero
1408 707 1544 746 matris
1561 720 1661 753 suae,
1681 707 1723 747 9.

1220 761 1431 802 Sallustius
1447 762 1496 801 de
1518 760 1622 801 Bell.
1644 761 1734 800 Cat.
1753 762 1823 801 23.

1226 815 1373 856 Salutis
1392 815 1457 856 via
1475 815 1516 855 in
1537 814 1692 856 Christo
1711 822 1751 855 et
1771 814 1981 870 Scripturis
2007 828 2123 856 sanc·

1277 871 1342 915 tis,
1367 871 1443 911 119
1461 884 1522 924 sq.

1221 925 1355 965 Sancti
1394 924 1546 977 antiqui
1587 924 1628 964 in
1667 924 1870 966 Christum
1914 937 2121 978 passurum

1275 979 1538 1027 crediderunt,
1582 979 1678 1019 202.
1742 978 1892 1019 vivunt
1941 979 1982 1018 in
2035 979 2123 1019 sinu

1276 1034 1452 1074 Abrahae
1472 1034 1590 1074 nostri
1610 1046 1819 1082 memores,
1844 1035 1936 1073 149.
1977 1035 2124 1074 Eorum

1276 1089 1395 1127 corda
1413 1096 1503 1128 sunt
1522 1088 1726 1128 thuribula
1745 1088 1841 1136 Dei,
1867 1089 1958 1128 170.
1998 1089 2125 1128 Sanc-

1275 1150 1404 1182 torum
1426 1143 1645 1189 Memorioe,
1665 1144 1732 1188 83,
1754 1143 1822 1182 71.

1218 1203 1228 1219 ⁴
1251 1197 1401 1236 Sancti'
1421 1196 1753 1242 Manichaeorum,
1774 1199 1838 1236 45.

1217 1251 1415 1304 Sapientia
1428 1259 1487 1292 est
1498 1260 1507 1276 ‘
1520 1252 1713 1292 luminare
1721 1251 1849 1304 majus
1858 1250 2126 1298 firmamenti,'

1220 1357 1552 1400 Scholasticorum
1596 1361 1702 1414 apud
1751 1360 2035 1412 Carthaginem
2076 1359 2123 1398 li-

1268 1415 1412 1458 centia,
1431 1416 1495 1454 71.
1531 1414 1707 1454 Romani
1726 1422 1839 1454 erant
1853 1414 2121 1460 modestiores,

1269 1470 1334 1508 78.
1364 1469 1431 1522 qui
1453 1469 1682 1522 magistrum
1716 1476 1850 1508 tamen
1878 1482 1984 1521 soepe
2017 1469 2122 1508 frau-

1268 1523 1435 1567 dabant,
1455 1523 1511 1562 ib.

1214 1577 1386 1617 Scientia
1414 1585 1472 1617 est
1492 1583 1503 1599 ‘
1526 1577 1718 1617 luminare
1743 1577 1903 1624 minus,’
1929 1576 2123 1631 sapientia

1268 1638 1278 1654 ‘
1301 1631 1492 1672 luminare
1511 1631 1670 1684 majus,’
1688 1633 1784 1673 262.

1213 1685 1379 1725 Scientia
1421 1694 1551 1726 nostra
1585 1686 1754 1726 scientiae
1785 1685 1863 1725 Dei
1893 1692 2122 1739 comparata

1270 1741 1490 1793 ignorantia
1509 1748 1581 1789 est,
1601 1742 1698 1780 208.

1215 1794 1515 1835 Scire—Deum
1574 1796 1641 1848 qui
1695 1794 1781 1838 scit,
1826 1792 1979 1834 etiamsi
2043 1793 2124 1833 alia

1270 1851 1433 1897 nesciat,
1455 1850 1608 1896 beatus,
1630 1850 1697 1889 66.
1741 1850 1826 1888 Vid.
1847 1849 2047 1902 Cognitio.

1215 1903 1418 1956 Scriptura
1457 1905 1580 1943 Sacra
1626 1911 1686 1943 est
1730 1903 1966 1943 venerabilis
2010 1902 2124 1941 stilus

1271 1958 1439 2010 Spiritus
1475 1958 1564 2005 Dei,
1599 1960 1689 1998 122.
1743 1959 1792 1997 In
1819 1970 1866 1997 ea
1898 1959 2010 1997 Deus
2038 1957 2124 2011 ipse

1270 2012 1455 2064 loquitur.
1478 2015 1574 2052 248.
1614 2013 1711 2065 Ejus
1735 2012 1870 2051 divina
1893 2012 2122 2057 auctoritas,

1271 2068 1367 2110 236.
1419 2069 1485 2112 89,
1535 2068 1630 2106 265.
1702 2067 1799 2106 mira
1857 2066 2120 2120 profunditas,

1272 2122 1367 2169 232,
1389 2122 1456 2160 31.
1493 2128 1534 2160 et
1560 2121 1804 2175 simplicitas,
1832 2122 1899 2168 89,
1926 2123 1992 2161 31.
2030 2134 2120 2173 quae

1272 2176 1457 2228 magistra
1495 2182 1554 2214 est
1601 2175 1850 2220 humilitatis,
1887 2176 1940 2215 ib.
1996 2171 2118 2228 Aug¹.

1270 2239 1360 2268 sunt
1379 2238 1496 2268 castas
1517 2229 1682 2274 deliciae,
1703 2231 1798 2269 206.
1836 2231 2018 2269 omnibus
2045 2243 2120 2268 sae-

1269 2284 1350 2323 culi
1368 2284 1518 2324 deliciis
1540 2285 1752 2330 suaviores,
1771 2285 1868 2324 207.
1905 2285 2118 2338 Scripturae

1263 2347 1418 2377 summa
1437 2345 1494 2377 est
1512 2340 1669 2383 veritas,
1691 2351 1914 2391 magnaque
1941 2352 2023 2392 prae
2054 2339 2116 2377 lit-

1263 2391 1355 2431 teris
1376 2392 1547 2446 profanis
1579 2393 1829 2440 excellentia,
1849 2395 1944 2432 243.

1316 2448 1378 2486 Va
1385 2447 1449 2486 riae
1462 2446 1891 2500 ejusinterpretationes
1903 2447 2018 2486 simul
2029 2460 2119 2501 pos-

1259 2507 1350 2539 sunt
1381 2514 1464 2540 esse
1499 2514 1616 2546 verae,
1644 2503 1740 2546 247,
1766 2503 1863 2546 248,
1897 2503 1995 2542 237.
2043 2516 2116 2541 nec

1259 2555 1370 2594 obest
1388 2555 1501 2594 aliter
1515 2569 1633 2608 quam
1653 2555 1719 2595 alii
1736 2555 1942 2602 senserint,
1958 2557 2117 2602 sentire,

1259 2610 1375 2648 modo
1388 2623 1478 2648 vera
1490 2610 1661 2662 sintquae
1678 2610 2114 2658 existimamus‚ib.244.

1261 2664 1557 2703 Dissensionum
1579 2668 1658 2703 duo
1677 2678 1821 2717 genera
1842 2666 1879 2703 in
1908 2665 2118 2719 Scripturis

1259 2717 1573 2772 interpretandis,
1594 2721 1691 2764 241,
1714 2733 1753 2759 n.
1783 2720 1871 2772 quis
1890 2733 2027 2760 sensus
2045 2721 2113 2760 ha-

1260 2772 1412 2812 bendus
1431 2774 1479 2811 sit
1496 2773 1762 2819 excellentior,
1782 2776 1877 2814 248.
1906 2776 2050 2826 regulae
2072 2776 2110 2814 in

1258 2827 1342 2880 ejus
1359 2827 1674 2881 interpretatione
1691 2828 1944 2874 adhibendae‚
1960 2831 2055 2873 248,
2072 2844 2109 2868 n.

1315 2882 1379 2922 De
1415 2895 1463 2921 ea
1494 2895 1611 2921 nemo
1639 2882 1818 2935 judicare
1851 2883 1983 2931 debet,
2010 2886 2105 2924 269.

1258 2935 1364 2975 Laus
1391 2936 1476 2989 ejus
1504 2943 1543 2974 et
1572 2936 1759 2987 dignitas,
1782 2938 1849 2983 89,
1870 2939 1939 2977 31.
1990 2938 2106 2977 Scru-

1256 2991 1376 3030 tanda
1395 2996 1454 3030 est
1471 3004 1561 3029 cum
1593 2991 1738 3032 honore
1768 2992 2001 3031 famulorum
2032 2993 2109 3032 Dei

1252 3044 1320 3096 qui
1338 3058 1425 3084 eam
1456 3045 1746 3098 dispensarunt,
1766 3049 1862 3087 247.
1894 3048 1943 3086 In
1965 3048 2107 3086 Eccle-

1250 3099 1316 3137 siis
1334 3100 1555 3150 legebatur,
1576 3101 1642 3138 73.

301 3149 410 3189 Test.
430 3151 690 3202 promiserunt
709 3151 966 3198 Salvatorem‚
983 3152 1079 3196 263,
1101 3164 1141 3191 n.
1197 3152 1367 3191 Securus
1387 3166 1503 3192 nemo
1522 3166 1604 3192 esse
1621 3153 1740 3192 debet
1754 3154 1795 3193 in
1810 3154 1886 3194 hac
1902 3154 1997 3199 vita,
2016 3168 2105 3208 quae

304 3203 393 3242 Vox
413 3211 439 3228 ‘⁸
461 3205 786 3243 Sacramentum'’
806 3218 875 3258 per
892 3217 933 3243 se
952 3206 1141 3256 positum,

299 3256 380 3296 fere
412 3257 519 3297 valet
547 3256 787 3309 mysterium,
817 3259 884 3305 89,
923 3259 1014 3303 120,
1049 3259 1139 3305 128,

305 3311 396 3355 142,
418 3312 511 3355 150,
535 3312 626 3357 196,
647 3312 743 3349 201.

252 3363 546 3404 Sacramentum
566 3365 674 3412 salis,
694 3367 738 3412 9,
758 3371 799 3404 et
817 3377 856 3403 n.

245 3420 546 3458 Sacramentum
580 3419 751 3472 corporis
796 3418 958 3459 Christi.
1019 3419 1142 3460 Piscis

297 3471 347 3510 de
373 3472 568 3525 profundo
603 3473 755 3513 levatus
797 3472 1064 3513 manducatur
1100 3475 1140 3513 in

298 3537 433 3617 {nggsa
444 3533 582 3580 parata
592 3526 632 3567 in
649 3534 862 3580 conspectu
879 3527 1138 3575 credentium,

245 3631 487 3673 Sacrificium
534 3635 647 3690 pretii
694 3635 826 3682 nostri,
866 3649 935 3690 pro
981 3637 1142 3677 mortuis

297 3687 422 3728 offerri
443 3689 599 3731 solitum
621 3690 745 3744 posito
757 3689 873 3743 juxta
889 3691 1139 3746 sepulchrum

1129 3778 1167 3814 Y

1251 3213 1334 3245 tota
1354 3207 1516 3246 tentatio
1536 3214 1610 3251 est,
1634 3209 1725 3247 192.

1198 3260 1343 3298 Sensus
1360 3262 1512 3300 externi
1531 3261 1716 3301 dicuntur
1731 3262 1832 3302 fores
1845 3263 1990 3308 carnis,
2010 3265 2101 3303 172.

1245 3312 1398 3363 januae,
1417 3315 1507 3354 176.
1537 3323 1628 3354 sunt
1646 3316 1773 3355 nuntii
1790 3330 1859 3367 per
1872 3331 1970 3369 quos
1986 3318 2102 3357 homo

1251 3368 1408 3408 interior
1426 3369 1639 3421 cognoscit,
1664 3372 1753 3415 172,
1780 3373 1871 3411 119.
1906 3373 2102 3411 Sensuum

1250 3422 1472 3470 delectatio,
1518 3431 1674 3463 aeternae
1725 3425 1814 3463 vitae
1859 3425 2103 3478 jucunditati

1251 3483 1544 3529 comparata,ne
1555 3479 1926 3520 commemoratione
1938 3480 2101 3533 quidem

1251 3529 1369 3583 digna
1389 3538 1463 3578 est,
1484 3534 1574 3572 161.

1202 3582 1410 3638 Serpentes
1442 3587 1551 3626 boni.
1581 3587 1610 3626 i.
1639 3600 1676 3626 e.
1714 3600 1790 3627 non
1813 3588 2020 3641 perniciosi
2048 3592 2097 3630 ad

1251 3641 1486 3733 ἓεέξῗιιάυῐη,
1517 3641 1586 3682 sed
1620 3642 1739 3682 astuti
1774 3642 1824 3683 ad
1858 3645 2099 3693 cavendum,
