2378 4134
305 197 410 244 316

362 329 454 368 171.
495 327 632 369 Debet
659 327 867 370 reformari
883 329 1052 372 vivendo
1080 344 1223 373 seeun-

356 383 455 424 dum
492 383 739 425 voluntatem
785 384 880 434 Dei,
915 385 1014 426 268.
1090 387 1225 428 Homo

352 439 453 493 gerit
471 438 514 479 in
525 452 568 480 se
583 438 811 494 symbolum
826 439 1048 488 Trinitatis,
1068 442 1224 484 scilicet

352 507 454 541 esse,
482 494 743 544 nosse,velle,
767 497 866 541 255,
885 502 926 536 et
945 509 986 536 n.
1029 497 1222 539 Homines

351 550 461 590 unde
493 556 693 600 amantur,
719 552 789 601 53,
817 551 1008 606 diligendi
1031 552 1219 595 humani-

353 610 426 651 ter,
447 607 516 646 52.

296 659 406 700 Hora
417 660 592 714 fugitivis
600 659 808 716 particulis
819 662 1034 718 agitatur,2
1042 665 1104 705 16.
1121 666 1164 705 N
1165 678 1218 706 on

351 723 412 756 est
431 730 609 770 praesens
627 723 723 764 tota,
745 717 800 758 ib.

298 769 454 811 Horatii
475 771 614 812 Carm.
633 773 775 812 laudat
793 772 902 826 Aug.
922 776 990 814 51.

286 826 537 868 'Hortensius
566 827 772 868 Ciceronis
800 829 989 870 excitavit
1022 829 1217 884 Augusti-

348 896 445 923 num
464 883 516 923 ad
534 882 713 923 ardorem
732 882 1009 939 philosophiae,
1029 887 1099 934 30,
1126 888 1218 928 136.

296 937 481 979 Humiles
508 937 629 978 corde
657 939 802 980 domus
827 940 908 981 Dei
933 941 1097 990 excelsi,
1117 943 1216 994 225,

292 1048 512 1088 Humilitas
531 1048 754 1089 necessaria
781 1056 826 1090 ut
852 1051 1147 1094 adscendamus
1166 1053 1219 1094 ad

347 1105 500 1149 Deum,
523 1104 591 1152 56,
613 1105 683 1145 65.
725 1106 974 1147 Humilitatis
994 1107 1155 1162 signum
1175 1109 1218 1149 in

344 1166 500 1201 statura
529 1159 708 1214 pueritiae
740 1174 764 1201 a
797 1162 954 1203 Christo
988 1164 1217 1218 probatum,

293 1270 445 1325 Hymni
458 1278 499 1311 et
516 1270 685 1320 Psalmi,
706 1272 782 1312 sub
802 1272 1014 1315 Ambrosio
1027 1274 1216 1332 episcopo

346 1326 388 1366 in
433 1326 608 1367 ecclesia
652 1328 900 1370 Mediolansi
938 1338 982 1370 ut
1023 1345 1215 1374 caneren-

345 1389 423 1429 tur,
445 1382 687 1430 institutum,
713 1386 806 1426 156.

290 1437 573 1494 Hippocrates,
596 1441 665 1482 48.

729 1608 768 1649 Ι.

287 1716 433 1756 Jacobi
445 1723 486 1757 et
498 1717 620 1757 Esavi
632 1717 1070 1764 constellationes,110.
1084 1720 1215 1761 Jacob

344 1771 434 1811 filiis
450 1773 475 1813 J
480 1773 601 1827 oseph
624 1773 882 1820 benedicens,
907 1776 999 1815 193.

289 1827 504 1868 Illusiones
539 1836 759 1876 nocturnae,
790 1830 1069 1870 involuntariae
1100 1830 1212 1878 licet,

344 1882 604 1924 nihilominus
645 1887 907 1940 poenitendae,
953 1888 1044 1927 188.
1112 1887 1212 1926 Per-

343 1942 449 1979 fecta
469 1940 629 1980 illarum
651 1941 817 1982 cessatio
835 1956 983 1982 munus
1005 1941 1099 1986 Dei.
1120 1944 1212 1983 189.

287 1994 465 2035 Imitatio
480 2009 666 2050 perversa
684 1997 763 2038 Dei
783 1997 824 2036 in
846 1998 1038 2052 peccatis,
1056 1999 1125 2044 223,
1144 2000 1213 2038 24.

287 2050 432 2097 Inane,
463 2051 574 2105 quid,
608 2054 698 2093 104.
747 2053 830 2102 Qui
849 2053 1008 2095 differat
1027 2068 1051 2094 a
1071 2053 1211 2103 nihilo,

340 2106 393 2146 ib.

285 2161 515 2202 Incarnatio
544 2163 685 2212 Verbi,
726 2177 807 2216 qua
843 2164 1025 2205 infantiae
1061 2172 1204 2205 nostrae

341 2217 522 2257 lactescit
554 2219 765 2274 Sapientia
791 2220 887 2266 Dei,
920 2222 1011 2259 119.
1059 2222 1205 2261 Totum

341 2273 542 2312 hominem
585 2276 771 2328 suscepit,
806 2277 897 2314 120.
942 2276 1209 2329 Apollinaris-

340 2335 470 2367 tarum
492 2342 612 2374 error,
629 2343 707 2370 non
717 2343 801 2370 esse
813 2331 853 2370 in
869 2331 1027 2371 Christo
1037 2332 1212 2371 animam

342 2391 412 2424 aut
432 2393 605 2424 mentem
628 2385 812 2430 hominis,
840 2388 929 2427 121.

285 2440 581 2480 Incolumitatis
619 2455 701 2481 suae
738 2455 835 2481 cura
867 2441 1017 2482 homini
1054 2443 1209 2489 innata,

341 2496 546 2546 vestigium
582 2505 642 2536 est
678 2497 950 2538 secretissimae
973 2497 1138 2538 unitatis
1160 2512 1210 2539 ex

342 2565 422 2605 qua
441 2558 516 2597 est,
539 2553 606 2592 17.

285 2607 522 2661 Ignorantia
543 2616 669 2647 mater
684 2608 977 2656 admirationis,
999 2611 1097 2650 266.

284 2663 465 2703 Infantia
483 2664 661 2717 peccatis
681 2664 868 2708 obnoxia.
890 2668 930 2712 6,
953 2666 991 2703 7.

285 2718 540 2759 Infantilium
563 2720 833 2759 membrorum
863 2720 1125 2761 imbecillitas
1147 2720 1210 2760 in-

343 2789 489 2814 nocens
510 2782 568 2814 est
592 2789 669 2814 non
688 2774 846 2815 animus
869 2776 1096 2822 infantium,
1120 2777 1162 2815 6.

286 2830 527 2870 Inimicitias
561 2829 766 2870 hominum
811 2845 884 2872 nec
919 2833 1096 2872 excitare
1137 2845 1211 2872 nec

340 2899 499 2939 augere,
517 2899 657 2940 parum
678 2894 737 2926 est
758 2886 909 2926 homini
925 2887 1118 2933 humano,
1137 2887 1212 2927 nisi

338 2955 407 2981 eas
439 2944 560 2981 etiarn
589 2941 840 2993 exstinguere
871 2943 1082 2989 studuerit,
1118 2945 1211 2983 160.

344 2996 595 3036 Horrendum
622 2997 774 3036 malum
801 2997 971 3037 inimicis
1001 2998 1109 3038 iratis
1126 2998 1201 3038 ini-

339 3051 531 3092 micorum
552 3051 740 3092 iratorum
763 3051 871 3091 dicta
891 3054 1073 3107 prodere,
1093 3053 1146 3092 ib.

284 3106 421 3160 Iniqui
459 3106 545 3160 apti
584 3115 678 3146 sunt
718 3106 970 3148 inferioribus
1010 3115 1204 3148 creaturae

338 3163 532 3215 partibuS,
562 3175 641 3214 quo
680 3163 954 3204 dissimiliores
981 3164 1087 3207 Deo,
1122 3164 1207 3218 apti

338 3227 470 3258 autem
493 3218 762 3270 superioribus
789 3219 906 3265 fiunt,
926 3233 1006 3273 quo
1030 3220 1067 3260 ei
1098 3219 1207 3259 simi-

335 3274 466 3320 liores,
492 3275 586 3312 118.

283 3329 488 3382 Iniquitas
523 3342 601 3368 non
642 3336 700 3368 est
737 3329 978 3376 substantia,
1013 3329 1084 3370 sed
1123 3343 1211 3383 per-

338 3384 506 3425 versitas
539 3383 760 3424 voluntatis
793 3386 960 3425 detortae
994 3399 1018 3425 a
1051 3399 1211 3426 summa

338 3439 563 3480 substantia
580 3440 621 3478 in
638 3439 831 3485 infimam,
854 3443 867 3480 l
884 3443 942 3481 18.
976 3440 1207 3493 Iniquitatis

338 3497 473 3551 capita
508 3495 712 3549 pullulant
756 3494 1009 3551 principandi
1046 3502 1086 3536 et
1119 3510 1203 3537 sec-

338 3551 450 3591 tandi
471 3557 511 3590 et
531 3551 733 3591 sentiendi
755 3550 934 3598 libidine,
955 3553 1023 3593 37.

283 3607 544 3647 Inordinatus
590 3605 748 3645 animus
783 3607 927 3653 omnis,
971 3607 1051 3648 Dei
1075 3607 1205 3662 jussu,

338 3675 410 3701 sua
431 3662 507 3700 sibi
527 3673 650 3714 poena
669 3668 745 3711 est,
769 3663 830 3700 ll.

284 3716 544 3768 Intelligendi
566 3717 753 3759 celeritas
781 3724 820 3757 et
848 3717 1088 3772 dispiciendi
1111 3732 1206 3759 acu-

339 3785 431 3811 men
451 3778 509 3812 est
527 3772 674 3812 donum
698 3772 794 3819 Dei,
817 3773 884 3813 61.

1103 193 1379 245 INDEX.

1284 330 1444 373 Invitus
1459 344 1576 375 nemo
1595 333 1700 375 bene
1721 334 1832 384 facit,
1852 337 1976 379 etiam
1995 341 2031 380 si
2049 339 2200 385 bonum

1335 392 1397 428 est
1414 387 1523 442 quod
1541 388 1653 438 facit,
1678 391 1743 430 10.

1279 440 1478 484 Invocare
1498 444 1634 487 Deum
1653 445 1751 499 quid
1768 447 1832 493 sit,
1851 449 1892 488 2.
1911 455 1951 488 et
1971 462 2014 490 n.

1277 497 1306 538 J
1309 496 1477 593 olligqnis
1495 498 1692 556 Baptistae
1709 501 1916 555 „mirabilis
1942 504 2201 556 abstinentia,

1277 607 1304 647 J
1308 620 1402 703 ⁰328
1429 614 1522 650 voto
1550 610 1610 652 sol
1638 612 1788 660 stabat,
1815 614 1887 654 sed
1911 619 2070 670 tempus
2097 617 2200 667 ibat,

1277 717 1396 759 Isaac
1425 718 1526 760 filios
1554 734 1634 762 non
1664 723 1918 778 agnoscendo
1946 724 2199 774 benedicere,

1330 775 1401 814 sed
1414 775 1691 818 benedicendo
1704 792 1919 832 agnoscere
1930 781 2091 830 meruit,
2107 782 2200 822 193.

1275 829 1426 870 Isaiam
1446 830 1576 882 legere
1589 832 1726 886 jussus
1741 835 1992 888 Augustinus
2013 850 2093 889 quo
2113 849 2201 878 sese

1332 885 1383 925 ad
1403 887 1646 941 baptismum
1666 903 1748 944 prae
1780 899 1926 937 araret,
1948 893 2042 932 153.

1274 939 1466 982 Julianus
1497 942 1723 998 Imperator
1751 905 1844 997 Iege
1882 948 1979 986 data
2015 947 2201 1000 prohibet

1333 996 1586 1039 Christianos
1605 999 1758 1042 litteras
1777 1001 1933 1048 docere,
1958 1003 2054 1044 132.

1276 1051 1302 1091 J
1307 1064 1404 1099 uno,
1429 1054 1493 1094 14.

1276 1106 1301 1147 J
1306 1107 1437 1202 ufpiter
1458 1116 1601 1149 tonans
1621 1116 1661 1150 et
1682 1111 1918 1152 adulterans
1932 1125 2002 1152 cur
2019 1125 2043 1152 a
2065 1113 2201 1154 Poetis

1359 1170 1463 1212 ctus,
1485 1167 1550 1205 14.

1272 1218 1299 1259 J
1304 1219 1437 1260 ustina
1467 1219 1746 1261 Valentiniani
1786 1222 1949 1262 minoris
1981 1228 2111 1263 mater
2147 1224 2198 1264 ab

1328 1274 1494 1315 Arianis
1536 1277 1701 1318 seducta
1737 1277 1987 1332 persequitur
2021 1279 2198 1320 Ambro-

1330 1330 1451 1378 sium,
1475 1333 1570 1372 155.

1271 1385 1298 1426 J
1302 1387 1442 1427 ustitia
1457 1400 1550 1427 vera
1570 1387 1731 1429 interior
1744 1402 1823 1428 non
1839 1402 1890 1429 ex
1907 1388 2199 1430 consuetudine

1320 1441 1483 1496 judicat
1504 1444 1573 1483 sed
1588 1457 1639 1483 ex
1657 1443 1744 1496 lege
1766 1445 1860 1494 Dei,
1879 1446 1948 1486 35.
1979 1446 2072 1486 Nec
2087 1446 2199 1486 varia

1327 1511 1401 1539 nec
1441 1498 1648 1539 mutabilis
1688 1501 1775 1554 ipsa
1804 1508 1880 1550 est,
1911 1501 1980 1542 sed
2015 1508 2197 1556 tempora

1327 1554 1476 1608 quibus
1494 1555 1701 1609 praesidet,
1725 1557 1793 1597 36.

1272 1609 1297 1650 J
1304 1610 1504 1650 uventutis
1523 1611 1754 1652 erudiendae
1771 1611 1915 1653 modus
1929 1611 2195 1667 improbatur,

1718 1836 1766 1874 L.

1272 1942 1420 1984 Latina
1451 1943 1590 1996 lingua
1625 1943 1666 1984 in
1701 1944 1842 1986 Africa
1868 1945 2046 1999 vulgaris
2076 1951 2196 1986 aetate

1330 1999 1563 2051 Augustini,
1591 2001 1654 2040 12.

1270 2054 1432 2095 Laudat
1448 2056 1581 2095 Deum
1601 2056 1785 2096 universa
1800 2062 1998 2102 creatura,
2015 2058 2085 2103 63,
2098 2058 2195 2097 209.

1271 2110 1446 2150 Laudari
1464 2111 1628 2164 quivult
1640 2113 1691 2151 ab
1706 2111 1934 2151 hominibus
1944 2113 2197 2167 vituperante

1321 2166 1425 2215 De0‚
1448 2180 1526 2206 non
1545 2167 1784 2208 defendetur
1800 2168 1851 2206 ab
1866 2167 2092 2208 hominibus
2102 2169 2195 2209 Deo

1314 2219 1540 2273 judicante,
1558 2236 1632 2262 nec
1650 2221 1837 2276 eripietur
1852 2223 1942 2262 Deo
1958 2223 2193 2271 damnante,

1328 2278 1422 2316 198.
1460 2278 1670 2318 Laudibus
1701 2277 1907 2317 hominum
1945 2279 2093 2319 moveri
2123 2280 2193 2319 de-

1324 2332 1467 2371 bemus
1504 2346 1582 2372 non
1623 2342 1782 2388 propter
1816 2347 1888 2373 nos
1924 2335 1996 2375 sed
2035 2342 2193 2390 propter

1326 2388 1570 2441 proximum,
1593 2390 1688 2429 199.

1270 2443 1447 2483 Laudari
1467 2444 1589 2483 etiam
1612 2444 1662 2484 de
1685 2444 1763 2484 Dei
1781 2444 1887 2484 dono
1911 2444 2194 2498 periculosum,

1328 2500 1421 2539 198.
1461 2499 1663 2539 Laudatio
1680 2513 1814 2540 comes
1833 2501 1948 2540 bonae
1970 2501 2076 2547 vitae,
2095 2501 2149 2542 ib.

1326 2555 1421 2594 Non
1441 2556 1546 2595 male
1568 2555 1786 2596 vivendum
1808 2563 1869 2596 est
1897 2568 1946 2595 ne
1968 2556 2193 2604 laudemur,

1325 2609 1380 2650 ib.
1410 2611 1502 2651 147.

1270 2666 1358 2705 Lex
1395 2665 1626 2720 temporalis
1654 2666 1772 2706 etiam
1802 2680 1824 2706 a
1855 2668 1947 2707 Deo
1979 2665 2090 2712 data,
2121 2668 2194 2707 35.

1323 2721 1443 2774 Legis
1456 2721 1582 2761 factor
1592 2721 1709 2762 homo
1723 2723 1845 2763 debet
1857 2735 1943 2763 esse
1957 2735 2037 2762 non
2045 2721 2193 2776 judex,

1322 2778 1419 2817 269.
1474 2779 1557 2817 Lex
1591 2778 1749 2831 peccati
1780 2785 1841 2818 est
1869 2778 2063 2819 violentia
2094 2791 2189 2819 cou-

1323 2832 1563 2877 suetudinis,
1589 2835 1680 2873 133.

1271 2888 1355 2927 Lex
1375 2887 1646 2935 conscientiae,
1663 2890 1731 2929 21.

1270 2943 1416 2984 Libera
1431 2944 1615 2984 voluntas
1646 2957 1788 2984 caussa
1811 2945 1981 2997 peccati,
2004 2945 2101 2993 106,
2121 2945 2191 2990 59,

1316 3013 1354 3039 n.
1377 3001 1445 3045 60,
1467 3013 1507 3039 n.
1526 2999 1633 3053 quod
1655 2999 1872 3039 Manichaei
1892 2999 2110 3050 negabant,
2130 2999 2185 3039 ib.

1263 3053 1408 3094 Libido
1423 3055 1585 3108 triplex,
1600 3055 1812 3094 187—201
1824 3084 1834 3094 .
1865 3055 2051 3095 Violatur
2062 3053 2190 3094 socie-

1319 3116 1381 3148 tas
1416 3123 1506 3163 quae
1541 3123 1631 3149 cum
1664 3111 1755 3149 Deo
1794 3110 1908 3149 nobis
1938 3123 2024 3150 esse
2053 3109 2187 3158 debet,

1319 3177 1414 3204 cum
1436 3171 1594 3213 natura,
1616 3164 1731 3217 cujus
1752 3163 1820 3204 ille
1842 3172 1982 3205 auctor
2002 3172 2077 3210 est,
2099 3164 2190 3204 libi·

1320 3218 1426 3258 dinis
1453 3219 1712 3274 perversitate
1740 3220 1947 3274 polluitur,
1970 3221 2037 3260 36.
2078 3219 2189 3260 Libi-

1320 3274 1415 3315 dine
1434 3277 1660 3315 obcaecatur
1680 3276 1852 3322 animus,
1868 3277 1940 3316 21.
1972 3277 2035 3315 Ex
2052 3275 2190 3315 volun-

1323 3337 1405 3371 tate
1435 3345 1619 3385 perversa
1650 3330 1790 3375 libido,
1821 3345 1871 3371 ex
1899 3331 2067 3371 libidine
2094 3344 2189 3371 con-

1323 3387 1508 3433 suetudo,
1541 3400 1590 3427 ex
1629 3386 1919 3428 consuetudine
1959 3386 2190 3432 necessitas,

1266 3495 1439 3548 Lignum
1462 3498 1610 3546 crucis,
1632 3497 1698 3543 13,
1718 3503 1758 3536 et
1780 3509 1821 3536 n.

1265 3552 1508 3593 Litterarum
1529 3554 1746 3607 primarum
1769 3551 1963 3604 magistri,
1983 3553 2048 3591 11.

1268 3608 1407 3659 Longe
1425 3621 1448 3648 a
1471 3608 1551 3648 Dei
1578 3607 1705 3654 vultu,
1725 3606 1767 3646 in
1783 3606 1931 3648 affectu
1962 3607 2186 3652 tenebroso,

1327 3664 1390 3703 16.
1441 3664 1490 3702 In
1513 3663 1671 3716 regione
1694 3661 2044 3708 dissimilitudinis,
2069 3663 2158 3701 116.

1266 3718 1398 3773 Loqui
1421 3718 1527 3758 unde
1555 3732 1653 3772 puer
1682 3717 1824 3766 discat,
1846 3719 1887 3758 7.
1932 3719 2068 3759 Pauca
2095 3722 2186 3756 sunt

1319 3787 1410 3827 quae
1430 3775 1586 3829 proprie
1607 3773 1822 3827 loquimur,
1844 3774 1942 3814 218.
