2378 4134
1015 208 1291 263 mmzx.

287 357 381 399 1⁶⁷.
412 354 619 398 Palmum
645 354 783 394 caum
799 349 842 391 in
865 346 978 389 obitu
1004 347 1125 388 Mon-

279 411 398 459 πίω,
418 410 515 452 164.

229 465 394 507 Eveetio
413 462 591 520 publica,
610 461 679 509 79,
697 465 739 501 οι
754 468 799 498 n.

231 521 457 568 Eversores,
475 520 545 565 29.
563 524 605 559 et
622 529 665 556 n.
683 515 753 561 71,
771 513 839 552 78.

656 677 703 717 F.

232 790 470 832 Facinorum
507 798 638 828 causae
676 783 874 839 appetitus
913 790 954 826 et
989 790 1132 833 metus,

233 899 402 940 Falsitas
436 910 515 938 non
546 902 606 936 est
634 893 866 948 quidquam.
894 895 962 934 sed
993 892 1135 933 dicitur

285 966 376 993 cum
409 965 470 992 res
501 955 664 1006 putatur
693 961 777 988 esse
809 948 916 1002 quod
950 961 1029 987 non
1061 954 1135 996 est,

235 1063 402 1102 Faustus
438 1058 752 1098 Manichaeorum
796 1057 1006 1111 episeopus
1049 1055 1134 1096 elo-

285 1128 410 1169 quens
447 1112 651 1167 imprimis,
687 1111 756 1157 64,
787 1118 828 1151 et
866 1125 908 1151 n.
941 1113 1010 1152 68.
1066 1111 1135 1150 sed

287 1181 427 1223 pamm
473 1168 627 1215 doctus,
665 1166 734 1204 69.
788 1166 932 1206 Multis
963 1166 1132 1218 laqueus

285 1223 434 1269 mortis,
460 1223 528 1270 70,
548 1223 617 1262 64.
655 1219 786 1273 Augo.
814 1220 955 1261 salutis
977 1220 1133 1261 occasio

290 1285 368 1323 est,
390 1278 459 1317 70.

234 1332 410 1371 Feminae
431 1329 482 1370 ad
502 1328 630 1369 virum
648 1328 853 1382 subjectio,
873 1329 971 1374 277,
990 1334 1030 1369 et
1049 1341 1089 1369 n.

235 1386 362 1426 Feriae
383 1383 654 1431 vindemiales,
678 1385 770 1424 146.

236 1440 349 1480 Fidei
386 1439 674 1479 medicamenta
707 1438 891 1478 manibus
928 1437 1008 1478 Dei
1043 1451 1136 1478 con-

290 1495 411 1542 fecta,
437 1494 504 1534 87.
557 1493 650 1533 Sine
678 1492 756 1532 fide
784 1492 883 1532 nihil
912 1492 1070 1532 omnino
1097 1492 1138 1531 in

290 1550 366 1590 hac
402 1548 484 1588 vita
516 1554 710 1599 ageretur,
745 1549 813 1587 85.
863 1547 922 1586 Ut
961 1560 1030 1586 nos
1067 1560 1137 1600 per

292 1603 407 1643 fidem
433 1601 620 1655 passionis
650 1601 798 1641 Christi
832 1602 1053 1655 proeteritae‚
1080 1601 1134 1640 ita

292 1657 441 1710 antiqui
460 1656 586 1695 sancti
614 1669 682 1708 per
711 1655 826 1696 fidem
846 1655 1022 1708 ejusdem
1043 1668 1123 1708 pas-

290 1712 410 1752 sionis
429 1710 570 1749 futurae
589 1709 686 1749 salvi
705 1710 796 1749 facti
813 1717 918 1755 sunt,
939 1711 1034 1749 302.

238 1766 351 1807 Fidei
387 1764 572 1819 professio
608 1764 648 1802 in
685 1771 900 1818 conspectu
939 1764 1132 1803 Ecclesiae

294 1820 408 1859 reddi
425 1818 554 1865 solita,
583 1819 671 1865 128,
692 1826 732 1857 et
754 1832 793 1857 n.

239 1874 390 1914 Fidelis
423 1874 465 1912 in
503 1872 698 1920 Ecclesia,
737 1874 805 1920 20,
847 1874 938 1918 134,
971 1885 1012 1911 n.
1045 1873 1137 1918 168,

242 1982 365 2022 Filius
386 1981 455 2020 ille
475 1979 618 2027 minor,
646 1981 705 2025 15,
732 1981 823 2020 129.

241 2037 358 2076 Filios
375 2036 473 2075 inter
498 2035 575 2074 diei
593 2043 631 2073 et
647 2034 748 2073 filios
766 2034 892 2074 noctis
921 2034 1060 2074 dividit
1080 2048 1140 2074 so-

294 2091 358 2130 lus
395 2091 522 2134 Deus,
559 2089 654 2128 262.
711 2089 837 2128 Filius
885 2090 962 2128 Dei
1000 2089 1141 2128 dicitur

297 2144 489 2190 Verbum,
514 2142 770 2196 Principium,
793 2142 1012 2197 Sapientia,
1028 2143 1140 2182 Veri-

294 2205 370 2246 tas,
391 2198 526 2237 Virtus
555 2197 647 2244 Dei,
679 2199 773 2236 211.
815 2198 968 2236 Lumen
990 2210 1139 2244 verum,

300 2253 403 2299 Vide,
429 2251 608 2292 Christus
626 2259 665 2290 et
685 2253 877 2292 Verbum.

244 2306 438 2346 Firminus
466 2306 524 2344 vir
560 2305 770 2345 liberaliter
801 2306 1013 2353 institutus,
1048 2307 1141 2345 109.

298 2373 418 2412 quam
461 2367 595 2398 narrat
632 2360 1010 2400 Mathematicorum
1045 2361 1142 2399 divi-

299 2414 515 2459 nationem,
534 2413 588 2452 ib.

245 2468 458 2519 Flagitium
478 2481 502 2506 a
523 2468 712 2507 Facinore
733 2468 996 2521 distinguitur,
1017 2469 1084 2512 37,
1102 2482 1143 2508 n.

247 2576 431 2630 Flagitia,
452 2589 540 2630 quae
561 2583 697 2615 contra
723 2583 903 2616 naturam
932 2583 1038 2624 sunt,
1059 2576 1145 2615 ubi-

299 2644 376 2684 que
395 2644 442 2670 ac
460 2643 612 2682 semper
623 2631 875 2678 detestanda3
906 2643 994 2683 quae
1008 2637 1145 2670 contra

300 2699 426 2724 mores
442 2685 640 2724 hominurn
650 2716 658 2730 ,
672 2699 741 2738 pro
754 2699 905 2725 morum
921 2685 1145 2725 diversitate

302 2740 476 2784 vitanda,
495 2740 560 2778 36.

248 2793 386 2833 Fletus
404 2806 473 2832 cur
493 2793 620 2832 dulcis
639 2793 802 2840 miseris,
823 2795 891 2833 50.

251 2848 383 2887 Frater
404 2847 615 2898 Augustini
636 2848 840 2901 Navigius,
866 2848 959 2887 162.

250 2903 411 2941 Furtum
444 2909 502 2941 est
533 2909 669 2941 contra
705 2910 853 2942 naturae
880 2902 1033 2953 legem3
1073 2902 1138 2939 21.

304 2956 436 2996 nullus
465 2957 569 2995 enim
606 2957 667 2995 fur
701 2956 824 2998 furem
858 2969 973 3010 aequo
1011 2954 1139 2995 animo

303 3010 464 3063 patitur,
485 3011 538 3050 ib.

674 3175 730 3214 G.

254 3277 442 3319 Gaudere
478 3280 531 3320 ad
569 3282 719 3327 Deum,
754 3282 803 3321 de
848 3281 952 3328 Deo,
991 3287 1146 3334 propter

308 3334 457 3378 Deum,
476 3334 559 3388 ipsa
588 3343 645 3375 est
671 3337 786 3375 beata
802 3335 884 3374 vita
915 3342 954 3375 et
981 3348 1059 3374 non
1087 3341 1148 3374 est

307 3387 444 3433 altera,
468 3390 559 3429 184.

257 3440 460 3480 Gaudium
481 3443 610 3497 majus
626 3443 802 3483 molestia
830 3440 970 3496 majori
998 3454 1146 3495 praece·

308 3494 428 3542 ditur,
467 3497 556 3536 130.
610 3498 681 3537 Est
711 3497 898 3549 gaudium
931 3498 1036 3550 quod
1072 3509 1150 3535 non

309 3547 425 3588 datur
442 3549 584 3604 impiis,
605 3551 674 3591 sed
693 3552 748 3591 eis
773 3551 841 3603 qui
872 3551 1004 3590 Deum
1032 3550 1150 3602 gratis

308 3602 458 3650 colunt,
494 3618 660 3658 quorum
696 3605 886 3658 gaudium
921 3605 1035 3644 Deus
1067 3603 1151 3658 ipse

310 3663 381 3705 est,
405 3659 495 3698 184.
534 3658 660 3700 Beata
685 3659 767 3700 vita
797 3668 856 3700 est
883 3657 1071 3712 gaudium
1102 3658 1153 3698 de

310 3710 485 3761 veritate,
509 3714 601 3753 184.

1982 210 2086 258 315

1181 343 1443 387 Geminorum
1459 340 1709 384 constellatio
1725 339 1920 391 discum,
1938 341 2032 383 110.

1181 399 1393 441 Geneseus
1433 395 1593 437 initium
1627 395 1857 451 explicatur
1884 395 1928 435 in
1964 395 2091 436 tribus

1235 450 1440 508 postremis
1453 451 1564 492 libris
1573 449 1896 504 Consacivnumss'
1906 451 1989 490 205
1999 462 2089 504 sqq.

1185 506 1540 549 Genethliacorum
1559 504 1670 546 libris
1696 504 1855 544 deditus
1878 503 1983 556 Aug.
2002 517 2088 544 mo·

1239 568 1354 602 netur
1370 573 1396 600 a
1415 559 1654 600 Vindiciano
1668 565 1712 599 ut
1721 571 1789 599 eos
1802 557 2004 611 abjiceret,
2018 559 2086 598 48.

1186 615 1368 658 Gervasii
1395 621 1436 654 et
1472 614 1642 655 Protasii
1676 619 1894 666 martyrum
1927 625 2091 667 corpora

1237 669 1491 724 deteguntur,
1515 670 1606 709 155.

1187 725 1335 766 Gestus
1373 730 1467 763 sunt
1503 730 1694 776 tanquam
1734 722 1856 762 verba
1890 720 2089 762 naturalia

1242 778 1417 818 omnium
1437 778 1631 830 gentium,
1652 778 1692 816 7.

1190 833 1328 875 Gloria
1339 832 1599 884 ignominiosa
1609 832 1774 871 honores
1786 830 2012 876 saeculares,
2026 832 2045 869 l
2057 831 2092 870 1.

1245 888 1361 942 Saepe
1381 887 1499 928 homo
1525 887 1576 927 de
1602 887 1689 941 ipso
1706 898 1820 925 vanae
1845 884 1980 936 gloriae
1998 897 2092 924 con-

1244 949 1368 982 temtu
1386 942 1527 982 vanius
1542 941 1743 994 gloriatur,
1762 940 1859 979 200.

1189 998 1224 1038 G
1235 995 1474 1036 rammaticae
1502 996 1611 1048 leges
1628 995 1813 1056 studiose·
1821 994 2092 1043 observantur,

1190 1049 2006 1147 Grxffiffintigagrsscliegzssulpnelrfnigibus
2023 1118 2094 1158 ap-

1242 1173 1367 1214 pensa
1387 1161 1476 1199 vela
1493 1158 1589 1211 qnid
1608 1158 1847 1210 significent,
1868 1160 1931 1197 12.

1190 1215 1342 1255 Gratiae
1362 1214 1633 1269 deputandum
1664 1213 1859 1266 quidquid
1891 1211 1986 1252 mali
2016 1225 2094 1252 non

1244 1269 1421 1316 fecimus,
1440 1270 1510 1309 26.
1546 1267 1687 1309 Gratia
1718 1275 1858 1321 potens
1882 1274 1941 1306 est
1971 1267 2096 1307 omnis

1243 1323 1432 1371 infirmus,
1452 1323 1519 1376 qui
1537 1336 1607 1376 per
1625 1323 1750 1376 ipsam
1771 1321 1814 1361 fit
1834 1322 2014 1362 conscius
2032 1321 2093 1361 in·

1244 1378 1440 1417 firmitatis
1458 1392 1556 1424 suae,
1582 1379 1674 1417 169.

1193 1432 1315 1473 Gulae
1335 1433 1512 1480 tentatio,
1539 1433 1631 1473 189.

1618 1596 1674 1635 Η.

1192 1705 1371 1745 Haereses
1391 1717 1474 1744 esse
1490 1703 1683 1758 permittit
1713 1705 1841 1751 Deus,
1863 1710 1906 1742 ut
1925 1704 2095 1744 emineat

1242 1759 1339 1811 quid
1378 1759 1556 1798 Ecclesia
1594 1759 1672 1798 Dei
1717 1760 1879 1808 sentiat,
1916 1766 1955 1798 et
1999 1759 2094 1809 quid

1250 1814 1395 1853 habeat
1428 1826 1526 1852 sana
1555 1813 1748 1861 doctrina,
1786 1816 1876 1853 121.
1927 1814 2099 1853 Prosunt

1250 1867 1459 1914 Ecclesiae,
1475 1875 1514 1907 et
1532 1868 1742 1920 quomod0‚
1763 1869 1818 1909 ib.

1197 1922 1405 1962 Haeretici.
1425 1923 1463 1961 N
1469 1935 1519 1962 on
1534 1935 1623 1961 cum
1641 1922 1687 1962 iis
1699 1922 2015 1976 disceptandum,
2027 1923 2098 1962 sed

1249 1990 1319 2029 pro
1338 1977 1383 2016 iis
1401 1977 1610 2022 orandum,
1631 1978 1698 2017 43.

1199 2030 1461 2085 Haruspicem
1507 2032 1726 2071 contemnit
1755 2031 1884 2084 Aug0.
1912 2031 1981 2085 qui
2016 2032 2099 2071 vic-

1251 2085 1389 2124 toriam
1427 2085 1505 2125 suis
1541 2086 1796 2126 sacramentis
1839 2087 1879 2126 in
1922 2086 2099 2126 theatrici

1251 2139 1435 2179 carminis
1475 2141 1690 2180 certamine
1726 2141 1992 2194 promittebat,
2030 2141 2098 2180 46.

1255 2194 1494 2247 Haruspices
1526 2194 1719 2234 sacrificia
1756 2195 1928 2235 daemoni
1961 2195 2099 2235 offere-

1250 2248 1362 2294 bant,
1381 2250 1434 2288 ib.

1201 2303 1413 2354 Helpidius
1466 2302 1572 2355 apud
1626 2303 1909 2352 Carthaginem
1962 2310 2098 2343 contra

1254 2357 1502 2396 Manichaeos
1522 2357 1712 2410 disputat,
1734 2359 1801 2396 77.

1203 2410 1359 2450 Hierius
1396 2411 1589 2450 Romanae
1634 2411 1739 2451 urbis
1784 2419 1913 2452 orator
1945 2411 2098 2459 doctus,

1255 2466 1322 2505 57.
1380 2465 1487 2504 Huic
1520 2466 1739 2519 nuncupati
1775 2467 1826 2505 ab
1860 2467 1988 2519 Aug0.
2009 2467 2100 2507 libri

1256 2524 1284 2542 “
1306 2522 1352 2559 de
1374 2520 1512 2558 Pulcra
1530 2528 1565 2559 et
1584 2521 1724 2571 Apt0,”
1743 2520 1800 2559 ib.

1203 2575 1397 2613 Homerus
1414 2581 1529 2626 poeta
1557 2575 1780 2614 dulcissime
1801 2587 1948 2614 vanus:
1980 2575 2100 2628 hujus

1254 2628 1368 2668 lectio
1386 2630 1512 2679 Augo.
1542 2642 1661 2680 puero
1682 2642 1829 2672 amora,
1856 2631 1918 2669 12.
1967 2630 2103 2669 Multa

1256 2685 1383 2728 finxit,
1430 2682 1653 2722 hominibus
1713 2683 1913 2737 flagitiosis
1968 2684 2104 2724 divina

1254 2736 1478 2783 tribuendo,
1525 2751 1574 2777 ne
1628 2738 1779 2789 flagitia
1834 2738 1986 2787 flagitia
2028 2753 2103 2792 pu-

1251 2797 1442 2837 tarentur,
1458 2798 1498 2831 et
1518 2799 1562 2830 ut
1580 2793 1754 2846 quisquis
1769 2805 1817 2832 ea
1835 2792 2005 2841 fecisset,
2023 2807 2099 2832 non

1252 2845 1428 2885 homines
1470 2846 1654 2900 perditos,
1688 2848 1755 2886 sed
1792 2847 1969 2887 caelestes
2006 2848 2099 2888 deos

1250 2900 1445 2939 videretur
1471 2901 1662 2946 imitatus,
1693 2902 1757 2940 14.
1806 2901 1912 2949 Quid
1944 2901 1983 2941 in
2013 2903 2101 2955 ejus

1251 2954 1437 3007 figmenta
1456 2955 1612 2994 Tullius
1631 2956 1919 3001 animadvertit,
1944 2958 2004 2996 13.

1205 3008 1414 3048 Hominem
1445 3009 1538 3048 fecit
1567 3011 1693 3057 Deus,
1721 3024 1798 3050 non
1826 3017 1959 3050 tamen
1989 3011 2029 3050 in
2058 3025 2103 3051 eo

1257 3071 1483 3116 peccatum,
1505 3066 1545 3102 6.

1209 3116 1385 3157 Hominis
1433 3118 1578 3157 creatio
1627 3118 1837 3169 allegorice
1875 3119 2104 3170 exponitur,

1259 3173 1356 3211 268.
1397 3172 1464 3211 Ad
1485 3173 1564 3210 Dei
1581 3171 1791 3224 imaginem
1813 3178 1864 3210 est
1888 3172 2030 3219 factus,
2050 3173 2104 3211 ib.

1206 3226 1335 3264 Homo
1371 3225 1558 3277 spiritalis
1594 3238 1670 3264 non
1717 3225 1874 3277 judicat
1905 3228 1954 3266 de
1990 3240 2103 3266 sacra

1257 3279 1643 3332 Scriptura,etiamsi
1670 3279 1820 3331 aliquid
1850 3281 1903 3320 ibi
1933 3293 2010 3319 non
2042 3282 2103 3320 lu·

1257 3340 1359 3380 ceat,
1378 3334 1474 3372 269.
1534 3334 1599 3373 De
1615 3333 1674 3373 his
1686 3333 1865 3387 judicare
1890 3334 2046 3379 dicitur,
2066 3336 2106 3374 in

1257 3387 1402 3438 quibus
1435 3387 1556 3426 habet
1593 3395 1823 3437 potestatem
1867 3389 2101 3439 corrigendi,

1257 3442 1354 3481 270.
1413 3442 1546 3481 Homo
1574 3442 1659 3482 sine
1694 3443 1784 3481 Deo
1818 3442 1915 3481 nihil
1946 3443 2018 3481 sibi
2046 3450 2105 3483 est

1261 3495 1334 3534 nisi
1382 3496 1478 3535 Dux
1519 3496 1560 3534 in
1610 3509 1800 3549 praeceps,
1850 3498 1916 3536 46.
1974 3498 2106 3537 Homo

1260 3549 1406 3602 grande
1425 3550 1677 3603 profundum,
1697 3550 1810 3603 cujus
1828 3551 1960 3602 capilli
1982 3551 2106 3602 magis

1260 3603 1524 3643 numerabiles
1556 3611 1647 3644 sunt
1675 3618 1795 3658 quam
1829 3603 2010 3654 affectus,
2037 3607 2106 3646 57.

1262 3658 1335 3698 Est
1371 3657 1522 3711 aliquid
1559 3658 1742 3705 hominis,
1774 3659 1879 3712 quod
1915 3673 1987 3701 nec
2019 3660 2106 3714 ipse

1264 3711 1338 3751 scit
1371 3712 1528 3766 spiritus
1552 3712 1735 3761 hominis,
1760 3713 1827 3767 qui
1853 3713 1894 3753 in
1921 3715 2005 3769 ipso
2030 3721 2106 3764 est,
