2378 4134
402 169 514 219 204
588 165 643 219 S.
683 163 1144 220 AUGUSTINI
1188 162 1553 220 EPISCOPI
1591 166 1814 222 CONF.
1855 167 2006 222 LIB.
2045 164 2116 223 X.

400 297 522 338 tistae.
559 296 637 338 His
649 295 842 353 praeclare
852 308 989 338 coram
1001 294 1153 352 populo
1160 307 1326 350 respon-

400 351 474 393 dit.
517 353 671 407 (Serm.
693 353 732 393 3.
755 351 799 392 in
818 352 885 393 Ps.
907 353 975 393 36.
1002 353 1038 405 §.
1060 351 1152 401 19.)
1196 357 1224 375 ‘⁶
1245 351 1328 392 Lo·

401 414 578 462 quantur
601 421 695 462 ergo
722 407 912 449 adversus
940 419 1015 448 nos
1040 405 1238 461 quidquid
1258 419 1327 447 vo-

400 463 518 504 lunt:
568 476 643 505 nos
686 462 900 517 diligemus
931 461 1024 504 illos
1057 468 1100 503 et
1131 461 1327 504 nolentes.

402 518 601 560 Novimus
618 518 743 570 enim,
765 519 936 564 Fratres,
957 516 1141 559 novimus
1169 517 1329 572 linguas

401 587 567 616 eorum:
599 581 759 631 propter
786 587 888 628 quas
910 573 967 614 eis
993 586 1075 614 non
1093 573 1328 622 irascamur,

403 630 596 694 patienter
629 630 726 672 ferte
759 629 984 670 nobiscum.
1045 628 1194 669 Vident
1222 627 1331 669 enim

402 699 445 726 in
465 699 608 728 caussa
628 699 670 727 se
690 685 787 726 nihil
808 684 973 731 habere,
992 690 1034 725 et
1058 683 1217 736 linguas
1235 696 1331 724 con-

402 748 564 783 vertunt
575 743 616 782 in
631 755 703 782 nos
719 756 731 792 ;
749 750 788 782 et
799 739 998 795 incipiunt
1012 740 1063 780 de
1076 739 1188 779 nobis
1198 738 1328 780 dicere

405 797 529 843 mala,
565 797 695 838 multa
740 809 834 850 quae
880 795 1023 842 sciunt,
1062 794 1192 834 multa
1236 807 1328 848 quae

405 852 605 894 nesciunt.
661 853 768 900 Quae
795 849 943 900 sciunt,
964 848 1167 905 praeterita
1196 856 1330 890 nostra

405 915 512 949 sunt.
557 906 724 948 Fuimus
738 906 845 947 enim
864 905 1098 960 aliquando,
1113 905 1217 946 sicut
1233 905 1331 946 dicit

406 963 642 1018 Apostolus,
655 966 683 986 “
693 960 802 1003 stulti
815 967 855 1002 et
868 960 1082 1010 increduli,
1093 967 1134 1002 et
1143 960 1197 1001 ad
1211 974 1331 1002 omne

405 1032 508 1074 opus
525 1019 677 1059 bonum
695 1016 899 1072 reprobi.”
929 1017 980 1057 In
997 1029 1128 1058 errore
1146 1029 1332 1071 perverso

406 1074 643 1129 desipientes
659 1080 700 1114 et
718 1072 961 1114 insanientes
979 1072 1142 1121 fuimus,
1161 1085 1243 1112 non
1261 1085 1330 1114 ne-

406 1143 549 1184 gamus
562 1143 574 1178 ;
603 1136 644 1170 et
661 1135 857 1183 quantum
880 1127 1128 1183 praeteritum
1154 1134 1333 1168 nostrum

407 1198 490 1226 non
526 1197 741 1239 negamus,
777 1190 888 1224 tanto
922 1183 1051 1237 magis
1079 1183 1218 1224 Deum
1256 1183 1329 1237 qui

407 1241 522 1282 nobis
538 1240 701 1293 ignovit,
717 1240 946 1282 laudamus.
1003 1238 1113 1288 Quid
1133 1252 1227 1292 ergo
1246 1238 1330 1279 hae-

408 1297 530 1338 retice
547 1296 707 1337 dimittis
720 1308 916 1344 caussam,
928 1301 969 1335 et
981 1294 1014 1335 is
1030 1293 1083 1334 ad
1099 1294 1331 1336 hominem'!

409 1352 520 1402 Quid
537 1351 643 1393 enim
665 1366 738 1406 ego
757 1365 845 1392 sum
860 1354 877 1392 ’ἔ
915 1350 1026 1400 Quid
1043 1353 1161 1391 sum'!
1200 1350 1332 1390 Num-

409 1408 508 1462 quid
558 1408 770 1449 Catholica
816 1420 890 1460 ego
942 1409 1062 1447 sum!
1120 1405 1331 1460 Numquid

407 1463 608 1505 hereditas
638 1461 788 1503 Christi
818 1462 965 1503 diffusa
992 1475 1063 1516 per
1090 1467 1228 1515 gentes
1258 1475 1331 1516 ego

409 1533 497 1561 sum
515 1524 531 1561 ’ἱ
569 1519 725 1560 Sufficit
751 1517 851 1558 mihi
872 1526 914 1558 ut
936 1517 977 1557 in
996 1530 1043 1558 ea
1062 1516 1150 1557 sim.
1210 1516 1330 1557 Vitu-

409 1589 525 1630 peras
543 1576 652 1614 mala
672 1587 763 1614 mea
783 1573 998 1628 praeterita,
1018 1573 1117 1626 quid
1142 1585 1332 1627 magnum

409 1631 537 1672 facist
591 1629 773 1671 Severior
801 1643 891 1670 sum
930 1642 1004 1683 ego
1034 1629 1078 1668 in
1106 1628 1215 1668 mala
1243 1641 1334 1669 mea

409 1700 532 1741 quam
557 1693 627 1726 tu:
658 1685 767 1741 quod
791 1692 835 1726 tu
853 1683 1098 1739 vituperasti,
1118 1697 1192 1738 ego
1219 1683 1333 1724 dam-

413 1743 514 1783 nari.
581 1742 746 1783 Utinam
767 1741 892 1782 velles
922 1739 1079 1785 imitari,
1099 1746 1202 1780 utet
1228 1753 1335 1781 error

410 1806 506 1839 tuus
558 1798 669 1839 fieret
702 1797 920 1851 aliquando
956 1795 1194 1850 praeteritus·
1252 1797 1335 1836 Ista

410 1861 506 1896 sunt
524 1854 632 1894 mala
661 1852 878 1908 praeterita,
897 1865 988 1906 quae
1015 1858 1227 1898 noverunt,
1249 1865 1334 1891 ma-

412 1910 518 1951 xime
555 1909 597 1950 in
635 1909 709 1950 ista
745 1908 916 1950 civitate.
973 1907 1055 1948 Hic
1088 1906 1194 1947 enim
1228 1908 1333 1949 male

410 1966 598 2013 viximus,
619 1966 727 2019 quod
740 1977 815 2019 ego
832 1963 1047 2005 confiteor:
1080 1969 1119 2003 et
1137 1969 1332 2017 quantum

412 2023 570 2077 gaudeo
597 2024 647 2063 de
680 2022 810 2073 gratia
838 2019 934 2068 Dei,
963 2025 1119 2059 tantum
1153 2019 1203 2059 de
1238 2019 1334 2060 meis

414 2077 620 2133 praeteritis
630 2077 727 2132 quid
740 2075 1090 2117 dicam—Doleo‘!
1123 2074 1329 2123 Dolerem,

1380 294 1415 337 si
1433 295 1568 337 adhuc
1586 309 1730 339 essem.
1775 296 1856 339 Sed
1874 297 1973 352 quid
1991 298 2152 341 dinami
2187 303 2302 353 Gau?
2323 289 2333 355 -ζ

1380 350 1488 393 deo‘!
1526 352 1617 393 Nec
1651 351 1728 393 hoc
1761 366 1924 408 possum
1957 353 2090 395 dicere
2106 370 2118 394 ε
2147 326 2330 405 ιιῐίιιιιιιῗῖ,

1381 406 1491 447 enim
1521 420 1741 462 numquam
1770 407 1950 449 fuissem.
2006 409 2215 465 Quidquid
2240 409 2317 456 ab

1383 474 1478 503 men
1514 461 1588 511 fui,
1615 464 1658 503 in
1692 462 1852 504 nomine
1883 462 2031 504 Christi
2062 463 2325 524 praeteritm‘

1383 524 1456 558 est.
1515 518 1638 567 Quod
1671 524 1805 559 autem
1842 519 1962 559 modo
1993 519 2314 582 reprehendunt,⁴

1385 585 1467 613 non
1505 580 1666 615 norunt.
1724 575 1830 615 Sunt
1863 587 1956 627 quae
1995 574 2128 617 adhuc
2164 577 2206 618 in
2238 586 2338 623 met·-

1386 627 2235 727 ffissieffi‘ssss‘ioffissssimeia3323*
2251 634 2332 698 Ψ

1383 697 1425 779 in
1451 739 1757 794 cogitationibus
1776 713 1890 788 meis,
1910 753 2095 794 pugnans
2120 700 2332 789 adverti-83⁸3}

1377 793 1514 838 „malas
1531 795 1800 850 suggestiones
1817 808 1941 842 meas,
1961 804 2002 837 et
2029 795 2183 838 habens
2209 811 2303 842 con-

1383 849 1639 891 flictationem
1675 849 1919 897 diuturnam,
1952 857 1992 891 et
2024 865 2148 907 prope
2181 854 2303 896 conti·

1386 917 1509 946 nuam
1520 918 1614 946 cum
1624 905 1909 947 tentationibus
1918 905 2070 947 inimici
2081 908 2155 948 sub
2160 915 2304 955 vertere

1386 972 1451 1001 me
1478 960 1667 1003 volentis.
1722 962 1853 1003 Gemo
1885 962 1936 1001 ad
1966 962 2102 1003 Deum
2129 962 2172 1003 in
2198 963 2304 1006 infir·
2373 994 2378 1014 s

1385 1015 1524 1057 mitate
1551 1029 1670 1066 mea;
1702 1023 1743 1058 et
1777 1016 1886 1058 novit
1913 1017 2009 1070 quid
2039 1018 2208 1072 parturit
2237 1033 2305 1062 cor
2373 1020 2378 1065 ss

1388 1085 1541 1119 meum,
1552 1072 1621 1114 ille
1634 1072 1703 1125 qui
1715 1072 1823 1113 novit
1832 1080 1988 1128 partum
2002 1085 2152 1114 meum.
2166 1075 2306 1118 “Mihi
2370 1089 2378 1105 ³

1389 1133 1523 1167 autem
1543 1127 1751 1168 minimum
1772 1134 1847 1173 est,
1869 1135 1913 1168 ut
1931 1140 1956 1167 a
1970 1128 2080 1169 vobis
2097 1129 2304 1185 dijudicer,
2333 1143 2336 1145 ·
2374 1174 2378 1183 ,

1385 1190 1458 1223 aut
1467 1183 1520 1223 ab
1539 1182 1718 1224 humano
1731 1182 1844 1230 die,’'
1860 1184 1916 1225 ait
1930 1183 2149 1237 Apostolus
2163 1198 2174 1235 ;
2192 1191 2220 1209 “
2236 1187 2305 1228 sed

1388 1252 1519 1294 neque
1534 1251 1608 1293 ego
1621 1238 1817 1293 meipsum
1830 1239 2012 1293 judico.’'
2034 1240 2185 1281 Melius
2200 1241 2304 1282 enim
2375 1256 2378 1270 ³

1390 1308 1454 1335 me
1472 1307 1546 1348 ego
1566 1293 1662 1335 novi
1689 1307 1812 1348 quam
1839 1294 1915 1341 illi,
1935 1295 2003 1335 sed
2029 1295 2173 1336 melius
2193 1296 2306 1338 Deus

1389 1363 1512 1404 quam
1534 1362 1622 1403 ego.
1679 1350 1721 1390 N
1724 1363 1777 1390 on
1798 1363 1892 1404 ergo
1909 1349 2022 1390 vobis
2046 1350 2238 1393 insultent
2256 1351 2305 1396 de

1390 1405 1518 1451 nobis,
1538 1419 1635 1454 non,
1651 1404 1774 1445 faciat
1790 1405 1987 1446 Christus.
2018 1405 2171 1446 Dicunt
2185 1406 2304 1457 enim,

1390 1462 1443 1500 Et
1473 1460 1542 1514 qui
1579 1464 1700 1501 sunt‘!
1733 1468 1772 1502 et
1799 1461 1907 1501 unde
1935 1462 2056 1501 sunt‘t
2084 1463 2211 1503 malos
2238 1462 2304 1504 hic

1389 1516 1478 1557 illos
1495 1516 1690 1562 novimus,
1711 1516 1782 1557 ubi
1800 1516 1991 1571 baptizati
2009 1520 2134 1557 sunt?
2177 1517 2220 1558 Si
2238 1531 2308 1560 nos

1389 1572 1492 1612 bene
1512 1579 1720 1618 noverunt,
1730 1572 1860 1612 sciunt
1875 1571 1970 1626 quia
1983 1578 2023 1612 et
2038 1572 2307 1626 navigavimus

1390 1628 1642 1682 aliquand03
1690 1628 1823 1668 sciunt
1859 1627 1954 1682 quia
1991 1634 2033 1667 et
2069 1628 2307 1683 peregrinati

1387 1697 1552 1733 sumus;
1593 1683 1725 1724 sciunt
1752 1683 1847 1738 quia
1880 1682 1950 1723 alii
1980 1682 2136 1732 ivimus,
2171 1692 2210 1724 et
2240 1684 2308 1726 alii

1391 1739 1617 1779 redivimus.
1688 1740 1785 1780 Non
1816 1738 1880 1778 hic
1921 1739 2111 1793 baptizati
2144 1751 2306 1781 sumus:

1391 1796 1461 1835 sed
1477 1795 1547 1834 ubi
1568 1794 1757 1848 baptizati
1773 1807 1924 1839 sumus,
1941 1795 2123 1835 Ecclesia
2139 1801 2199 1835 est
2215 1802 2309 1836 nota

1391 1850 1573 1891 universo
1593 1850 1679 1890 orbi
1695 1857 1902 1891 terrarum.
1964 1851 2018 1890 Et
2037 1850 2152 1890 multi
2173 1850 2309 1892 fratres

1389 1905 1511 1946 nostri
1530 1913 1637 1955 sunt,
1654 1905 1725 1959 qui
1755 1912 1796 1946 et
1828 1911 1975 1945 norunt
2000 1906 2096 1959 quia
2119 1905 2309 1960 baptizati

1388 1975 1540 2011 sumus,
1553 1968 1593 2002 et
1611 1962 1818 2002 nobiscum
1832 1961 2022 2014 baptizati
2035 1968 2141 2003 sunt.
2172 1961 2309 2004 Facile

1387 2024 1446 2058 est
1481 2030 1575 2071 ergo
1607 2017 1682 2058 hoc
1718 2031 1847 2068 nosse,
1876 2016 1908 2058 si
1940 2017 2030 2073 quis
2057 2017 2221 2058 fratrum
2251 2024 2310 2060 est

1388 2072 1481 2115 inde
1498 2072 1707 2115 sollicitus.
