2378 4134
545 203 1148 266 GONFESSIONUM
1187 202 1426 256 LIBER
1462 202 1528 253 V.
1895 201 1963 251 ⁷7

117 353 176 400 ut
215 342 364 397 aliud
404 341 471 395 de
514 339 608 391 illo
647 354 757 389 non
801 335 1087 399 crederem,
1130 333 1236 387 nisi
1281 330 1429 403 quod
1470 346 1687 400 possem
1730 329 1972 382 vanitate.

116 427 411 497 imaginari.
485 425 674 477 Talem
701 423 886 491 itaque
925 426 1171 473 naturam
1211 417 1327 488 ejus
1363 415 1517 468 nasci
1555 431 1667 466 non
1699 431 1861 483 posse
1898 412 1965 466 de

116 514 294 567 Maria
315 511 519 579 virgine
549 508 859 571 arbitrabar,
884 505 991 558 nisi
1023 504 1170 558 carni
1201 508 1622 556 concerneretur.
1699 499 1967 552 Concerni

117 609 293 654 autem
318 605 372 651 et
396 615 503 649 non
534 594 806 665 inquinari
840 611 950 646 non
985 590 1252 656 videbam,
1279 587 1427 660 quod
1458 587 1594 639 mihi
1629 587 1736 639 tale
1772 586 1968 654 figura—

118 687 257 738 bam.
332 682 645 735 Metuebam
671 679 854 748 itaque
888 676 1101 731 credere
1130 676 1190 728 in
1220 692 1379 727 carne
1403 679 1636 736 natum¹,
1660 689 1729 723 ne
1756 669 1969 723 credere

117 787 331 837 cogerer
367 786 437 820 ex
476 783 633 818 carne
670 764 1027 834 inquinatum.
1104 762 1267 814 Nunc
1302 758 1608 829 spirituales
1644 756 1724 809 tui
1769 754 1970 808 blande

118 863 172 908 et
210 862 445 907 amanter
479 851 732 904 ridebunt
766 869 870 914 me,
906 850 951 902 si
985 850 1084 902 has
1120 846 1485 901 confessiones
1523 862 1672 898 meas
1714 843 1967 912 legerint:

119 940 213 994 sed
237 948 413 992 tamen
439 938 562 991 talis
588 955 746 989 eram.

190 1029 275 1076 21.
303 1023 517 1076 Deinde
545 1041 664 1092 quae
689 1021 769 1073 illi
803 1020 860 1071 in
887 1019 1178 1089 Scriptmis
1203 1019 1311 1070 tuis
1346 1013 1852 1086 reprehenderant*,
1879 1013 1969 1066 de·
2041 1025 2116 1086 XI.

120 1110 263 1163 sendi
288 1128 446 1179 posse
472 1126 580 1159 non
615 1106 1015 1158 existimabam:
1058 1103 1153 1156 sed
1178 1103 1470 1174 aliquando
1505 1121 1632 1155 sane
1667 1102 1971 1172 cupiebam,
1988 1079 2170 1186 sspgllnger

120 1215 243 1248 cum
276 1195 456 1264 aliquo
493 1194 706 1245 illorum
737 1192 991 1243 librorum
1024 1189 1336 1242 doctissimo
1375 1188 1612 1241 conferre
1650 1189 1880 1256 singula,
1919 1194 1974 1239 et
1989 1190 2119 1283 tinutsl

121 1281 350 1350 experiri
395 1279 527 1350 quid
568 1278 694 1330 inde
740 1276 972 1328 sentiret.
1046 1277 1081 1327 J
1083 1293 1169 1326 am
1214 1275 1356 1326 enim
1398 1273 1647 1343 Helpidii
1691 1273 1972 1343 cujusdam
1986 1256 2163 1339 22⁰0ssss

122 1365 373 1418 adversus
417 1364 632 1416 cosdem
674 1361 1013 1414 Manichaeos
1054 1377 1232 1411 coram
1267 1358 1540 1428 loquentis
1576 1366 1629 1410 et
1663 1358 1974 1410 disserentis
1987 1354 2121 1447 fiactilsm

122 1471 405 1515 sermoneS,
430 1451 590 1503 otiam
616 1449 762 1518 apud
788 1447 1170 1515 Carthaginem
1189 1464 1400 1498 movere
1426 1463 1510 1497 me
1538 1452 1831 1514 coeperant,
1851 1464 1973 1497 cum
2080 1436 2089 1446 ⁹

122 1539 249 1590 talia
285 1537 350 1589 de
383 1536 671 1605 Scripturis
698 1533 968 1603 proferret,
1007 1532 1204 1601 quibus
1234 1532 1409 1583 resisti
1443 1530 1599 1583 facile
1628 1549 1739 1582 non
1772 1538 1975 1599 posset,

123 1629 177 1674 et
201 1622 468 1674 imbecilla
491 1621 624 1671 mihi
642 1618 922 1687 responsio
942 1616 1222 1668 videbatur
1235 1617 1473 1669 istorum.
1552 1616 1728 1676 Quam
1754 1616 1974 1685 quidem

123 1725 230 1758 non
255 1707 409 1759 facile
433 1706 612 1774 palam
636 1704 968 1772 promebant,
995 1701 1090 1753 sed
1114 1702 1271 1753 nobis
1293 1702 1566 1765 secretiUS,
1587 1720 1711 1754 cum
1737 1701 1976 1754 dicerent

127 1792 412 1860 scripturas
446 1790 588 1844 Novi
619 1787 949 1843 Testamenti
983 1786 1224 1839 falsatas‘
1261 1787 1426 1839 fuisse
1463 1806 1496 1839 a
1531 1787 1716 1840 nescio
1757 1788 1974 1858 quibus,

783 1951 863 1990 Οὔκ
901 1950 1021 1994 οὐσίαις

131 2007 262 2055 ἥψατο
290 2006 423 2061 ‹ragit-⁸05
455 2006 521 2051 (eu-3
549 2005 645 2054 φίἲς)
679 2004 879 2058 [Kese-roe]
911 2006 1022 2044 ἀλλὰ

127 2061 330 2111 {meipsam
360 2061 426 2099 καὶ
462 2060 641 2111 σχήματι
678 2060 810 2113 caen&
850 2061 1020 2103 ἔσκιαίσθη

185 1957 199 1978 ³
233 1952 322 1991 Vid.
361 1965 448 2004 sup.
486 1963 523 1990 c.
559 1952 598 1990 9.
638 1957 717 1988 not.
1079 1951 1172 1990 xxii.
1198 1952 1260 1989 15.
1320 1950 1571 1990 Manichaeus
1591 1950 1754 2004 impiam
1782 1957 1820 1989 te
1839 1949 1974 1989 docuit

1078 2006 1387 2058 perversitatem,
1401 2013 1444 2044 ut
1454 2018 1501 2044 ex
1514 2006 1717 2057 evangelio
1733 2005 1838 2057 quod
1851 2005 1973 2044 haere-

1078 2060 1136 2097 sin
1178 2067 1287 2098 tuam
1327 2073 1404 2098 non
1444 2059 1623 2113 impedit,
1654 2059 1839 2112 accipias,
1867 2060 1974 2112 quod

127 2116 186 2155 ἵνα
207 2116 260 2166 μὴ
280 2116 444 2169 ngas-„55
469 2113 528 2153 διὰ
552 2115 617 2156 τῆς
645 2113 766 2156 οὒσῖας
794 2115 859 2157 τῆς
884 2113 1020 2168 σαρκὸς

127 2170 197 2209 καὶ
223 2171 322 2223 πάθῃ
350 2171 415 2208 καὶ
434 2170 581 2222 φθαρθῇ.
606 2170 670 2211 τῆς
690 2167 843 2211 σκοτίας
864 2169 1016 2223 φθειρού-

129 2241 193 2268 ens
240 2225 356 2263 αὐτοῦ
397 2224 464 2266 τὴν
510 2223 683 2277 ἰιίςγυαν
730 2223 795 2266 τὸν
847 2224 1016 2274 <owe-:miv

128 2280 297 2331 (Manes
320 2280 392 2332 Ep.
414 2279 463 2316 ad
485 2278 704 2330 Zebemap.
722 2278 876 2316 Fabric.
892 2279 941 2317 B.
960 2279 1014 2319 G.

130 2347 165 2371 v.
206 2332 342 2382 284.).
399 2331 749 2384 lncoinquinabilis
794 2333 1015 2372 substantia

131 2400 207 2425 non
245 2387 331 2426 ideo
370 2400 445 2425 non
474 2386 761 2438 coinquinatur,
790 2386 885 2437 quia
915 2387 1013 2426 nihil

130 2441 300 2492 attingit,
320 2442 386 2479 sed
407 2441 500 2492 quia
518 2447 720 2493 permanet
739 2439 779 2478 in
807 2453 876 2478 sua
902 2454 1016 2480 mun-

131 2494 242 2540 ditia,
281 2495 552 2546 qualecunque
588 2495 652 2539 sit,
690 2493 785 2546 quid
828 2495 1016 2546 attigerit.

132 2549 242 2588 Sicut
270 2562 408 2601 corpus
437 2548 720 2587 invulnerabile
746 2555 813 2586 aut
841 2548 1015 2601 impene-

133 2604 271 2642 trabile
293 2602 480 2654 numquid
501 2601 598 2640 illud
619 2601 797 2645 dicimus.
815 2603 919 2653 quod
941 2617 1017 2642 non

132 2657 344 2710 percutitur
362 2657 475 2703 ferro,
497 2656 564 2695 sed
584 2657 725 2709 potius,
747 2657 851 2708 quod
880 2657 1015 2704 etiam,

131 2723 219 2749 cum
259 2710 486 2764 percutitur,
522 2724 595 2748 non
635 2712 882 2762 penetratur!
966 2713 1018 2751 Et

132 2764 219 2804 ideo
240 2765 363 2817 magis
380 2767 564 2817 probatur
581 2764 683 2803 filius
703 2765 781 2804 Dei
807 2778 884 2803 non
906 2778 1019 2819 posse

133 2819 182 2858 de
219 2819 409 2871 sanguine
449 2818 601 2857 feminae
637 2818 896 2871 coinquinari,
926 2820 1019 2872 quia

133 2886 200 2963 per
219 2873 404 2912 feminam
426 2882 540 2912 natus
566 2879 638 2917 est,
656 2885 774 2925 quam
795 2874 826 2911 si
857 2887 934 2912 non
952 2887 1020 2927 per

148 2928 316 2966 eminam
364 2934 599 2971 nasceretur,
643 2934 684 2966 et
727 2928 902 2967 membra
946 2929 1020 2968 illa

133 2981 365 3026 devitassetz
414 2981 606 3020 videretur
653 2981 756 3020 enim
804 2982 1016 3034 judicasse,

134 3047 245 3088 posse
273 3049 314 3074 se
345 3035 435 3074 inde
467 3035 604 3088 pollui,
633 3045 672 3075 et
699 3037 829 3075 minus
856 3049 880 3076 a
909 3038 1020 3077 nobis

134 3089 472 3142 incoinquinabilis
489 3089 696 3130 diceretur.
729 3090 858 3130 Euod.
878 3091 926 3130 de
945 3092 1022 3131 fide

136 3154 173 3181 c.
190 3143 257 3182 24.

190 3196 204 3222 ⁸
236 3197 327 3235 Non
356 3196 566 3250 decipiunt,
596 3199 669 3238 nisi
699 3212 786 3238 cum
817 3199 1020 3239 scientiam

138 3262 256 3301 quarn
290 3262 366 3289 non
392 3251 575 3291 exhibent
602 3254 852 3306 pollicentur,
886 3262 924 3293 et
953 3255 1022 3293 ad·

140 3310 336 3342 versantes
356 3305 451 3356 Legi
470 3312 510 3344 et
529 3307 747 3360 Prophetis,
762 3321 1022 3361 quaecumque

138 3357 188 3396 de
217 3356 293 3396 illis
314 3358 522 3410 Apostolus
550 3362 717 3401 sermoni
746 3375 815 3401 suo
846 3362 1020 3410 inseruit,

137 3410 235 3450 salsa
255 3418 294 3450 et
314 3424 336 3450 a
355 3413 639 3465 corruptoribus
656 3415 828 3455 immissa
842 3429 927 3456 esse
947 3417 1022 3456 cri-

137 3465 349 3505 minantur.
385 3466 488 3517 Aug.
512 3468 560 3506 de
580 3468 673 3508 Div.
694 3471 848 3516 Quaest.
867 3472 933 3510 83.
953 3483 1022 3523 qu.

136 3520 204 3558 68.
238 3520 433 3567 Quoniam
455 3519 654 3574 privilegio
668 3523 837 3575 quodam
856 3537 922 3563 vos
937 3531 1021 3564 tue-

136 3573 245 3618 mini,
266 3581 309 3614 ut
328 3574 377 3613 de
396 3574 604 3628 Scripturis
621 3577 784 3629 opprimi
805 3579 1019 3630 nequeatis,

135 3627 305 3668 dicendo
323 3641 392 3668 eas
410 3640 495 3668 esse
515 3628 692 3671 falsatas.
727 3631 793 3671 De
813 3645 912 3672 mor.
924 3634 1018 3672 Ma·

136 3681 239 3722 nich.
270 3681 300 3723 l.
330 3681 372 3724 ii.
401 3683 434 3733 §.
463 3685 530 3723 55.
557 3683 610 3724 cf.
633 3696 672 3723 c.
701 3684 836 3726 ranst.
866 3686 951 3727 xiii.
980 3689 1019 3726 5.

1078 2121 1211 2153 autem
1236 2114 1412 2167 impedit,
1444 2127 1520 2152 non
1551 2114 1735 2168 accipias·
1770 2127 1805 2152 c.
1839 2115 1975 2154 Faust.

1074 2169 1182 2208 xviii.
1204 2170 1241 2207 7.
1289 2170 1389 2208 Haec
1411 2168 1470 2207 illi
1493 2170 1619 2208 solent
1640 2183 1663 2208 a
1681 2168 1976 2222 corruptoribus

1074 2223 1360 2276 Scripturarum
1374 2222 1548 2263 immissa
1562 2237 1645 2263 esse
1666 2223 1820 2271 dicere;
1842 2236 1966 2275 usque

1074 2277 1171 2316 adeo
1193 2278 1288 2316 nihil
1309 2277 1456 2316 habent
1481 2277 1587 2328 quod
1609 2276 1901 2324 contradicant,
1923 2285 1967 2317 ut

1072 2330 1154 2371 haec
1189 2331 1317 2370 miseri
1347 2332 1581 2385 respondere
1614 2340 1816 2383 cogantur.
1889 2333 1966 2371 Sed

1071 2387 1160 2438 quis
1194 2399 1270 2425 non
1303 2386 1501 2438 intelligat
1544 2387 1811 2425 convictorum
1842 2386 1965 2425 homi·

1071 2453 1164 2479 num
1202 2440 1320 2479 aliam
1353 2454 1430 2480 non
1466 2452 1550 2479 esse
1583 2442 1754 2494 potuisse
1785 2440 1966 2480 ultimam

1073 2496 1233 2533 vocem?
1274 2495 1379 2545 Aug.
1406 2494 1455 2534 de
1487 2507 1582 2534 mor.
1614 2494 1723 2533 Eccl.
1746 2495 1866 2534 Cath.
1887 2494 1914 2532 l.
1940 2496 1966 2535 i.

1072 2561 1105 2586 c.
1136 2549 1176 2586 9.
1244 2549 1309 2587 De
1338 2550 1592 2588 'testamento
1624 2563 1725 2588 novo
1751 2550 1835 2588 sola
1865 2549 1967 2588 acci-

1073 2602 1224 2652 pientes
1249 2615 1310 2649 ea,
1330 2615 1419 2654 quae
1448 2603 1487 2641 in
1518 2603 1701 2642 honorem
1734 2610 1773 2642 et
1803 2603 1964 2642 laudem

1072 2656 1141 2694 filii
1160 2657 1375 2708 majestatis
1393 2657 1455 2696 vel
1476 2657 1527 2696 ab
1546 2657 1630 2710 ipso
1650 2657 1756 2696 dicta
1777 2659 1968 2711 comperi·

1073 2723 1173 2758 muS‚
1196 2711 1254 2749 vel
1275 2711 1326 2750 ab
1345 2711 1429 2763 ejus
1448 2711 1664 2764 Apostolis,
1685 2713 1754 2751 sed
1776 2710 1860 2763 jam
1883 2727 1968 2764 per-

1074 2764 1187 2804 fectis
1203 2778 1249 2805 ac
1265 2765 1460 2813 fidelibus,
1475 2766 1811 2805 dissimulavimus
1823 2773 1968 2813 cetera,

1075 2832 1162 2871 quae
1193 2826 1262 2858 aut
1295 2820 1523 2874 simpliciter
1550 2828 1644 2860 tunc
1674 2827 1712 2860 et
1743 2820 1971 2872 ignoranter

1076 2886 1099 2912 a
1119 2873 1281 2912 rudibus
1302 2874 1421 2921 dicta,
1443 2881 1512 2913 aut
1538 2875 1698 2927 oblique
1727 2886 1767 2914 et
1797 2875 1970 2928 maligne

1075 2928 1126 2967 ab
1149 2928 1317 2967 inimicis
1346 2929 1515 2980 objecta,
1549 2936 1617 2969 aut
1646 2929 1916 2983 imprudenter
1949 2944 1970 2969 a

1075 2983 1326 3036 scriptoribus
1358 2983 1553 3023 affirmata
1589 2992 1695 3028 sunt,
1731 2991 1771 3023 et
1809 2986 1973 3037 posteris

1077 3038 1245 3085 tradita;
1276 3037 1363 3076 dico
1384 3046 1514 3077 autem
1541 3038 1615 3078 hoc
1643 3039 1797 3091 ipsum;
1834 3047 1970 3078 natum

1076 3105 1124 3130 ex
1139 3091 1302 3131 foemina
1317 3093 1391 3132 ἃς.
1422 3093 1555 3131 Faust.
1567 3093 1685 3132 xxxii.
1700 3094 1739 3132 7.
1751 3095 1803 3133 cf.
1821 3093 1874 3132 ib.
1889 3107 1922 3132 c.
1937 3095 1968 3140 l,

1076 3146 1116 3189 2,
1127 3147 1166 3184 6.
1186 3146 1339 3185 Videtis
1355 3160 1446 3198 ergo
1461 3147 1627 3198 (optime
1640 3147 1849 3198 respondet
1864 3147 1969 3198 Aug.

1077 3212 1115 3239 c.
1140 3200 1228 3249 19.)
1251 3200 1290 3238 id
1311 3214 1379 3239 vos
1399 3214 1529 3250 agere,
1550 3209 1593 3240 ut
1612 3202 1738 3240 omnis
1770 3200 1819 3239 de
1838 3202 1971 3241 medio

1077 3254 1365 3308 Scripturarum
1410 3254 1607 3294 auferatur
1654 3256 1883 3299 auctoritas,
1932 3263 1972 3294 et

1077 3321 1172 3347 suus
1202 3308 1343 3360 cuique
1374 3309 1528 3347 animus
1555 3316 1688 3348 auctor
1719 3310 1783 3355 sit,
1803 3309 1898 3360 quid
1931 3309 1969 3348 in

1077 3375 1232 3414 quaque
1252 3362 1455 3415 Scriptura
1475 3363 1626 3415 probet,
1646 3362 1742 3413 quid
1763 3363 1970 3416 improbet,

1077 3417 1117 3455 id
1146 3425 1220 3462 est,
1248 3423 1296 3455 ut·
1319 3430 1396 3454 non
1426 3416 1647 3456 auctoritati
1680 3417 1968 3469 Scripturarum

1078 3470 1306 3523 subjiciatur
1326 3470 1376 3509 ad
1408 3469 1540 3515 fidem,
1560 3471 1627 3510 sed
1647 3469 1722 3509 sibi
1750 3471 1971 3523 Scripturas

1079 3524 1161 3577 ipse
1188 3523 1394 3576 subjiciat:
1430 3537 1508 3564 non
1540 3530 1583 3564 ut
1607 3524 1698 3564 ideo
1724 3524 1782 3564 illi
1814 3525 1971 3579 placeat

1077 3578 1243 3631 aliquid,
1261 3579 1358 3630 quia
1376 3578 1450 3618 hoc
1476 3578 1517 3618 in
1549 3578 1708 3618 sublimi
1739 3579 1971 3622 auctoritate

1075 3633 1263 3686 scriptum
1281 3631 1421 3684 legitur
1433 3647 1444 3682 ;
1475 3631 1540 3673 sed
1559 3632 1649 3673 ideo
1662 3640 1766 3675 recte
1780 3634 1970 3689 scriptum

1077 3686 1270 3734 videatur,
1288 3686 1384 3740 quia
1402 3686 1476 3727 hoc
1496 3686 1555 3728 illi
1574 3687 1740 3741 placuit.
