2378 4134
646 881 698 921 A.

218 989 393 1031 Abrahae
414 989 535 1035 sinus,
554 990 646 1036 148,
663 995 704 1029 et
723 1001 764 1028 n.

219 1044 483 1086 Abstinentia.
533 1043 626 1083 Non
674 1041 925 1082 immunditia
971 1039 1122 1080 obsonii

274 1099 448 1139 timenda
462 1106 536 1146 est,
550 1099 616 1138 sed
626 1096 874 1137 immunditia
884 1094 1124 1149 cupiditatis.

225 1207 403 1261 Abyssus
438 1206 621 1246 humanm
658 1205 895 1246 conscientia
929 1204 1035 1243 nuda
1068 1210 1129 1243 est

278 1261 404 1301 oculis
426 1261 516 1306 Dei,
542 1262 630 1300 168.

226 1314 455 1355 Academici
475 1328 544 1368 pro
565 1312 758 1368 Scepticis
777 1313 879 1352 male
900 1311 1039 1356 habiti,
1060 1312 1127 1356 75,

278 1377 318 1408 et
336 1383 373 1409 n.
399 1370 463 1409 80.

224 1423 405 1463 Accessio
426 1422 559 1462 critica
578 1420 741 1460 medicis
759 1427 936 1465 vocatur,
953 1420 1018 1458 83.

228 1479 496 1517 Antonii-rus
518 1474 726 1528 Augustini
751 1475 854 1514 filius
879 1474 928 1513 de
949 1478 1128 1527 peccato,

284 1534 375 1571 154.
407 1531 554 1570 AEtatis
580 1543 685 1569 anno
715 1528 798 1568 fere
831 1542 896 1568 xv.
923 1541 1012 1567 cum
1046 1526 1130 1579 ipso

278 1587 513 1639 baptizatur,
533 1585 584 1624 ib.
620 1585 745 1635 Aug⁰.
769 1583 916 1622 horrori
940 1589 998 1621 est
1024 1580 1132 1619 illius

284 1640 498 1691 ingenium,
520 1640 572 1677 ib.
605 1639 728 1676 Sensa
746 1637 866 1689 ipsius
890 1643 980 1675 sunt
998 1634 1129 1674 omnia

279 1707 370 1746 quae
403 1707 453 1732 ex
488 1692 649 1731 alterius
686 1692 932 1731 collocutoris
967 1702 1130 1742 persona

281 1748 501 1787 inseruntur
541 1747 580 1785 in
617 1742 735 1797 Augi.
759 1747 825 1785 lib.
865 1748 911 1785 de
954 1746 1134 1797 Magistro

280 1802 382 1841 edito
418 1803 554 1840 Romae
584 1813 673 1839 cum
702 1807 800 1840 esset
834 1800 871 1838 in
906 1800 1017 1838 annis
1050 1797 1130 1837 xvi.

282 1856 334 1895 ib.
366 1863 603 1908 praematura
621 1862 742 1893 morte
763 1854 923 1907 rapitur.
944 1853 997 1892 ib.

231 1910 455 1949 Adulantes
510 1908 627 1947 amici
681 1916 931 1961 pervertunt3
987 1903 1136 1945 inimici

284 1964 480 2016 litigantes
501 1964 730 2015 plerumque
750 1963 960 2014 corrigunt,
986 1962 1073 2000 158.

234 2018 446 2071 AEgyptius
465 2017 590 2062 cibus,
617 2018 707 2063 114,
727 2024 765 2055 et
787 2030 823 2056 n.

228 2073 369 2111 AEneis
388 2072 452 2111 cit.
478 2073 541 2115 11,
570 2072 630 2116 12,
656 2071 719 2115 14,
745 2071 833 2110 127.

229 2128 401 2166 AEneam
432 2125 582 2166 venisse
627 2125 907 2178 Carthaginem
954 2137 1033 2163 non
1079 2131 1138 2164 est

283 2194 434 2224 verum,
460 2181 520 2219 12.

229 2233 373 2274 Aerem
388 2234 504 2273 deum
517 2246 598 2272 esse
612 2232 733 2271 credit
746 2231 1027 2278 Anaximenes,
1043 2232 1133 2272 172.

231 2288 448 2327 AEternitas
484 2287 561 2326 Dei
599 2287 793 2326 aeternitas
827 2298 980 2336 semper
1013 2293 1134 2332 stans,

285 2345 378 2382 212.
414 2343 622 2380 Ᾰίῖεωυπι
643 2341 854 2384 internum,
880 2342 967 2379 152.

230 2396 425 2436 Affectus.
466 2396 513 2433 In
544 2395 702 2434 Affectu
722 2395 927 2433 tenebroso
945 2402 1002 2432 est
1021 2393 1136 2446 longe

285 2464 308 2490 a
330 2451 408 2490 Dei
428 2450 556 2496 vultu,
579 2451 638 2488 15.
661 2451 754 2488 228.

230 2505 406 2558 Agentes
443 2504 482 2542 in
517 2504 632 2542 rebus
665 2504 759 2548 duo,
792 2500 948 2552 cognita
979 2499 1141 2539 Antonii

285 2561 377 2606 vita,
398 2559 578 2597 nuntium
600 2559 747 2596 saeculo
768 2558 982 2601 remittunt,
1008 2556 1098 2594 135.

231 2613 525 2666 Agriculturam
548 2612 656 2651 nefas
674 2625 756 2652 esse
775 2610 988 2650 censebant
1006 2607 1140 2647 Mani-

287 2667 400 2713 chaei,
422 2667 489 2712 40,
511 2673 550 2704 et
570 2679 608 2705 n.

239 2721 486 2761 Alimentum
502 2720 585 2758 sola
601 2718 735 2758 salutis
754 2730 873 2757 causa
893 2716 1140 2761 sumendum,

292 2777 381 2814 189.
433 2774 539 2826 Aug.
574 2786 598 2812 a
623 2774 712 2812 Deo
741 2773 902 2811 edoctus
930 2778 972 2809 ut
1000 2783 1138 2822 quem-

288 2829 501 2867 admodum
537 2827 823 2866 medicamenta
860 2826 914 2865 sic
952 2825 1140 2864 alimenta

287 2890 514 2935 sumpturus
533 2882 711 2926 accedat,
730 2881 782 2920 ib.

234 2936 388 2976 Altare.
412 2939 471 2976 Ex
484 2933 959 2989 eodispensaturVictima
977 2932 1140 2978 Sancta,

292 2992 382 3031 167.
422 2992 487 3030 Ad
506 2991 544 3030 id
557 2990 639 3029 fieri
660 2988 886 3028 memoriam
908 2987 967 3026 sui
985 2987 1136 3027 deside·

289 3052 349 3084 rat
370 3045 563 3084 Mounica
582 3045 621 3083 in
640 3043 838 3087 extremis,
863 3043 953 3082 163.

236 3099 438 3139 Ampms
458 3099 654 3150 Thagaste
673 3098 874 3139 oriundus.
888 3097 955 3135 91.
990 3095 1140 3134 Paren-

291 3152 395 3191 tibus
441 3153 672 3206 primatibus
718 3149 1041 3203 municipalibus,
1086 3149 1139 3188 ib.

296 3207 405 3245 Natu
452 3206 578 3245 minor
625 3207 752 3256 Aug0.
800 3204 855 3243 ib.
915 3205 952 3242 A
996 3203 1144 3241 minore

292 3267 407 3299 aetate
442 3273 624 3312 magnam
665 3258 814 3297 virtutis
863 3257 1032 3295 indolem
1063 3268 1142 3308 prae

291 3326 333 3353 se
381 3314 542 3361 ferebat,
582 3314 634 3353 ib.
697 3311 919 3362 Augustino
955 3309 1142 3348 amicissi-

291 3381 379 3406 mus
414 3381 439 3407 a
473 3367 608 3422 primis
653 3366 779 3411 annis,
818 3365 871 3404 ib.
925 3364 975 3402 ab
1018 3376 1143 3416 eoque

291 3421 409 3461 frater
466 3422 595 3461 cordis
639 3420 701 3460 sui
752 3420 896 3462 dictus,
955 3419 1042 3457 150.
1102 3423 1143 3457 et

292 3475 468 3528 ejusdem
507 3475 703 3527 Thagaste
746 3482 785 3514 et
823 3472 1061 3524 Carthagine
1104 3473 1145 3511 in

295 3528 509 3568 Rhetorica
562 3529 728 3575 auditor,
774 3528 827 3567 ib.
907 3525 1146 3576 Carthagine

292 3583 526 3636 spectaculis
553 3582 719 3628 deditus,
748 3582 801 3621 ib.
845 3593 871 3620 a
899 3580 1145 3620 Circensium

293 3636 447 3675 insania
472 3644 674 3676 revocatur
697 3634 970 3689 objurgatione
986 3635 1144 3687 Augus·

295 3690 380 3737 tini,
401 3692 467 3731 92.
500 3698 544 3730 ut
562 3690 624 3730 sur
640 3689 961 3744 apprehenditur,
980 3688 1049 3728 94.
1074 3689 1145 3729 sed

930 556 1375 627 INDEX.

1042 743 1260 770 ,4-

1765 872 2083 914 Manichaeorum

1231 930 1504 985 superstitione
1545 942 1638 968 cum
1683 928 1812 981 Auge.
1863 928 2086 974 involvitur.

1230 987 1297 1026 92.
1362 988 1526 1024 Romam
1552 984 1658 1023 venit
1687 992 1777 1023 ante
1806 983 1910 1036 Aug.
1951 991 1993 1022 ut
2018 984 2087 1037 jus

1231 1040 1372 1086 discat,
1415 1039 1483 1080 93.
1554 1038 1800 1092 Spectaculis
1849 1037 2089 1090 gladiatoriis

1232 1094 1387 1134 incaute
1448 1092 1616 1147 capitur,
1662 1092 1716 1133 ib.
1810 1092 2087 1132 Mediolanum

1234 1162 1327 1188 cum
1366 1149 1494 1200 Augo.
1523 1147 1794 1200 proficiscitur,
1822 1149 1889 1188 65.
1949 1146 2090 1187 Asses-

1236 1203 1334 1242 soris
1379 1215 1540 1242 munere
1586 1202 1740 1240 tertium
1799 1201 1986 1253 fungitur,
2030 1201 2084 1241 ib.

1240 1258 1330 1297 133.
1387 1258 1495 1296 Dum
1517 1257 1658 1295 assidet
1677 1255 1821 1295 Comiti
1840 1255 2090 1307 largitionum

1238 1310 1549 1357 Ralicianarum,
1571 1310 1656 1362 ejus
1683 1310 1882 1360 integritas
1900 1322 1923 1348 a
1951 1317 2092 1363 poten-

1237 1366 1384 1404 tissimo
1412 1372 1589 1404 senatore
1618 1372 1659 1403 et
1686 1363 2029 1418 pollicitationibus
2053 1370 2093 1403 et

1238 1419 1354 1459 minis
1398 1426 1582 1464 tentatur,
1619 1418 1673 1459 ib.
1750 1418 2093 1458 Continentissime

1239 1474 1351 1520 vivit,
1371 1475 1438 1513 98.
1506 1474 1646 1524 Augm.
1677 1473 1727 1511 ab
1757 1485 1874 1511 uxore
1904 1473 2091 1512 ducenda

1239 1528 1434 1582 prohibet,
1466 1540 1545 1579 quo
1577 1527 1694 1566 simul
1729 1526 1932 1581 sapientiae
1972 1526 2093 1566 libere

1239 1590 1396 1626 vacent,
1429 1581 1484 1622 ib.
1566 1582 1757 1635 Disputat
1805 1594 1894 1620 cum
1924 1580 2007 1633 ipso
2045 1581 2095 1620 de

1238 1637 1382 1675 finibus
1429 1637 1619 1674 bonorum
1663 1643 1702 1675 et
1745 1636 1954 1681 malorum,
2000 1637 2088 1675 101.

1242 1691 1363 1730 Putat
1391 1691 1497 1729 credi
1525 1703 1547 1728 a
1578 1690 1796 1730 Catholicis
1829 1703 1907 1728 non
1940 1702 2024 1727 esse
2053 1690 2095 1728 in

1243 1745 1400 1785 Christo
1434 1745 1604 1782 animam
1636 1752 1676 1784 et
1709 1751 1879 1782 mentem
1914 1743 2096 1788 hominis,

1244 1799 1411 1850 ideoque
1439 1798 1491 1836 ad
1518 1799 1634 1837 fidem
1665 1799 1771 1851 pigre
1794 1805 1998 1836 movetur:
2041 1800 2098 1837 At

1243 1862 1378 1907 postea
1425 1866 1592 1891 errorem
1639 1853 1743 1892 hunc
1796 1852 2097 1904 Apollinarista-

1244 1921 1329 1946 rum
1359 1920 1444 1946 esse
1482 1907 1715 1959 intelligens,
1751 1906 1967 1945 Catholrcae
2006 1906 2098 1945 fidei

1244 1969 1561 2014 contemperatus
1606 1969 1681 2006 est,
1725 1962 1813 2000 121.
1882 1956 2004 2011 Augl.
2047 1962 2097 1999 ad

1243 2016 1377 2054 Deum
1416 2015 1590 2055 conversi
1626 2015 1819 2067 proposito
1864 2015 1966 2053 bono
2015 2028 2100 2053 sese

1244 2070 1434 2121 adjungit,
1474 2071 1561 2109 144.
1633 2070 1788 2108 Secedit
1823 2082 1911 2107 cum
1949 2069 2020 2107 illo
2060 2070 2101 2107 in

1244 2136 1380 2176 agrum
1439 2123 1726 2168 Cassrciacum,
1780 2123 2103 2162 catechumenus

1245 2191 1335 2216 curn
1373 2178 1683 2224 Catechumeno,
1726 2179 1811 2216 150.
1884 2177 1973 2216 Illic
2009 2190 2100 2216 curn

1246 2245 1293 2271 eo
1321 2231 1497 2284 disputat
1530 2236 1555 2253 “
1579 2233 1623 2269 de
1662 2235 1806 2278 ordine,
1837 2242 1966 2270 contra
2000 2234 2100 2270 Aca-

1245 2286 1428 2325 demico.r''
1457 2293 1496 2324 et
1540 2288 1585 2324 de
1627 2288 1704 2324 vila
1747 2287 1867 2328 beata.
1920 2286 2012 2330 149,
2058 2299 2096 2326 n.

1247 2340 1392 2379 Christi
1426 2352 1568 2378 nomen
1601 2338 1778 2378 literariis
1805 2339 1882 2378 illis
1914 2340 2101 2379 lucubra-

1246 2394 1417 2432 tionibus
1443 2394 1560 2432 inseri
1590 2394 1838 2446 dedignatur,
1866 2395 1933 2432 sed
1966 2402 2102 2446 postea

1249 2447 1453 2500 resipiscit,
1477 2449 1566 2488 150.
1630 2447 1795 2486 Remeat
1825 2448 2102 2487 Mediolanum

1250 2515 1391 2541 nomen
1418 2503 1518 2540 inter
1546 2502 1803 2553 baptizandos
1828 2515 1918 2540 cum
1941 2503 2103 2554 Augus-

1248 2556 1330 2595 tino
1349 2557 1524 2600 daturus,
1547 2557 1636 2595 154.
1672 2555 1918 2595 Fortissimus
1937 2557 2105 2595 domitor

1249 2623 1435 2662 corporis,
1456 2609 1642 2648 Italicum
1660 2611 1788 2649 solum
1809 2610 1977 2662 glaciale
1996 2610 2104 2649 nudo

1249 2666 1348 2717 pede
1385 2665 1527 2704 obterit
1562 2664 1718 2703 insolito
1744 2665 1931 2708 ausu,ib.
1996 2665 2104 2717 Bap-

1250 2719 1408 2765 tizatur,
1446 2719 1498 2758 ib.
1568 2718 1630 2757 Fit
1676 2720 1834 2759 tandem
1882 2718 2105 2772 Episcopus

1247 2772 1540 2824 Thagastensis,
1559 2773 1631 2820 95,
1646 2785 1685 2812 n.

1195 2826 1501 2866 Ambitiosorum
1523 2826 1689 2870 miseria,
1710 2826 1776 2865 90.

1195 2883 1455 2920 Amenosrus
1522 2880 1728 2934 episcopus
1795 2877 2106 2918 Mediolanensis

1249 2935 1446 2981 laudatur,
1463 2935 1528 2975 79.
1573 2935 1799 2974 Coelibatus
1815 2933 1915 2984 ejus,
1935 2946 2106 2987 occupa·

1248 2991 1372 3029 tiones
1414 2996 1452 3028 et
1490 2989 1635 3032 studia,
1658 2990 1726 3036 84,
1747 2990 1810 3028 85.
1884 2987 2006 3027 Omni
2044 2988 2106 3027 die

1250 3044 1460 3082 Dominica
1475 3044 1636 3082 verbum
1656 3044 1736 3082 Dei
1752 3049 1892 3081 tractat
1910 3043 1959 3080 ad
1981 3055 2106 3094 popu-

1251 3098 1351 3145 lum,
1373 3100 1438 3137 85.
1479 3098 1545 3136 Ad
1565 3097 1705 3136 veteris
1734 3096 1848 3148 Legis
1875 3096 2106 3148 interpreta-

1255 3151 1399 3190 tionem
1442 3152 1556 3203 quasi
1593 3151 1770 3202 regulam
1809 3151 2105 3194 commendans,

1252 3217 1356 3258 saepe
1414 3204 1512 3243 inter
1565 3205 1876 3243 concionandum
1934 3203 2105 3250 dicebat,

1252 3262 1280 3283 ‘⁸
1306 3259 1453 3297 Littera
1481 3258 1637 3304 occidit,
1659 3258 1826 3311 Spiritus
1854 3264 1984 3296 autem
2011 3258 2108 3296 vivi-

1251 3312 1389 3359 ficat‚”
1429 3313 1495 3353 86.
1549 3311 1730 3362 Benigne
1777 3311 1924 3359 excipit
1965 3312 2106 3364 Augm.

1254 3366 1322 3418 qui
1353 3367 1522 3405 studiose
1556 3367 1685 3418 ipsum
1706 3366 2003 3404 concionantem
2035 3378 2107 3405 au-

1252 3420 1324 3465 dit,
1342 3421 1408 3461 79.
1444 3420 1634 3470 Diligitur
1666 3434 1687 3459 a
1720 3420 1913 3459 Mounica
1945 3419 2106 3472 perinde

1253 3482 1371 3527 atque
1401 3475 1579 3526 Angelus
1615 3474 1707 3519 Dei,
1743 3475 1808 3513 83.
1856 3474 1984 3526 Ango.
2011 3487 2107 3513 con-

1255 3529 1400 3568 sulenti
1449 3528 1545 3581 quid
1592 3528 1833 3582 potissimum
1873 3529 1923 3568 de
1975 3528 2108 3582 Scrip-

1256 3583 1351 3622 turis
1375 3582 1503 3636 legere
1532 3583 1688 3627 debeat,
1708 3596 1787 3636 quo
1815 3595 1899 3622 sese
1927 3583 1979 3623 ad
2005 3583 2107 3636 bap-

1253 3637 1411 3677 tismum
1446 3643 1661 3691 comparet,
1695 3637 1840 3677 Isaiam
1878 3637 2107 3691 praescribit,

1259 3693 1346 3732 153.
1388 3691 1703 3732 Pei-secutionem
1733 3705 1757 3731 a
1783 3691 1942 3733 Justina
1961 3691 2108 3735 Valen-

1233 889 1323 916 mox
1369 874 1571 922 liberatur,
1618 875 1686 915 95.

1133 3766 1228 3812 ΧΩ
