2378 4134
506 264 1109 322 CONFESSIONUM
1149 263 1389 318 LIBER
1428 261 1536 317 ΙΙΙ.
1880 267 1949 314 35

98 403 318 455 haberet
341 399 566 470 capillos
592 406 646 452 et
669 397 914 467 ungues?
955 406 1009 452 et
1032 404 1208 450 utrum
1226 396 1364 466 justi
1397 393 1745 448 existimandi
1770 400 1950 446 essent
1966 412 2052 439 rum
2069 400 2141 439 ab·

97 487 191 557 qui
230 487 488 539 haberent
517 502 715 537 uxores
746 485 943 537 multas
978 483 1155 548 simul,
1181 490 1234 534 et
1268 480 1577 534 occiderent
1605 479 1869 543 homines,
1897 486 1950 531 et
1963 453 2128 548 {ffidsaust

96 571 456 624 sacrificarent
498 570 564 622 de
605 567 960 622 animalibus?
1019 567 1228 629 Quibus
1268 584 1442 618 rerum
1486 565 1705 633 ignarus
1743 572 1948 634 pertur-
1964 562 2148 657 {Largaba-

94 658 290 720 babar3
329 662 383 709 et
405 655 661 708 recedens
686 673 719 707 a
744 653 980 719 veritate,
1005 653 1080 705 ire
1116 653 1173 704 in
1210 670 1327 704 eam
1359 650 1493 702 mihi
1526 650 1779 713 videbar3
1820 651 1949 720 quia
2029 646 2041 657 ⁶

93 760 203 795 non
239 760 487 795 noveram
524 743 723 794 malum
762 759 871 793 non
911 759 1026 793 esse
1061 740 1167 792 nisi
1192 738 1545 809 privationem
1577 737 1708 789 boni
1720 734 1750 802 ‘‚
1774 755 1946 806 usque

95 827 164 880 ad
196 827 342 897 quod
378 828 596 879 omnino
631 846 740 879 non
771 834 867 879 est.
943 825 1102 886 Quod
1137 824 1279 877 unde
1306 823 1558 887 viderem,
1585 821 1740 892 cujus
1765 822 1946 874 videre

93 931 261 983 usque
289 912 357 965 ad
383 931 577 983 corpus
613 922 723 965 erat
752 913 940 976 oculiS‚
975 919 1029 964 et
1060 911 1238 964 animo
1274 927 1446 979 usquc
1483 908 1553 961 ad
1584 908 1942 978 phantasma?

93 999 167 1050 Et
189 1016 298 1049 non
322 1016 572 1050 noveram
599 999 776 1049 Deum
802 1015 919 1049 esse
947 996 1207 1065 spiritum,
1233 1013 1342 1046 non
1381 995 1468 1047 cui
1502 995 1740 1046 membra
1766 1001 1947 1046 essent

91 1101 188 1152 per
209 1085 429 1150 longum
456 1091 509 1135 et
531 1085 716 1146 latum,
742 1101 842 1135 nec
871 1083 958 1134 cui
984 1100 1099 1133 esse
1125 1082 1293 1132 moles
1330 1086 1496 1132 esset:
1539 1079 1668 1148 quia
1692 1080 1861 1131 moles
1887 1080 1944 1130 in

91 1176 239 1237 parte
263 1169 436 1220 minor
460 1177 539 1221 est
565 1186 724 1238 quam
748 1168 805 1218 in
831 1175 943 1220 toto
971 1185 1097 1230 suo;
1137 1173 1191 1218 et
1217 1167 1260 1217 si
1287 1165 1500 1217 infinita
1537 1166 1622 1229 sit,
1658 1166 1833 1218 minor
1865 1174 1948 1219 est

91 1253 147 1304 in
182 1254 365 1323 aliqua
399 1261 547 1322 parte
585 1260 728 1306 certo
765 1253 937 1322 spatio
974 1252 1212 1316 definita,
1241 1269 1402 1320 quam
1427 1269 1525 1320 per
1548 1250 1854 1315 infinitum3
1893 1260 1946 1304 et

89 1357 197 1391 non
233 1349 314 1393 est
348 1347 458 1393 tota
490 1341 709 1410 ubique,
743 1340 886 1392 sicut
921 1340 1156 1408 spirituS,
1193 1338 1332 1390 sicut
1367 1339 1532 1389 Deus,
1609 1339 1686 1390 Et
1720 1338 1853 1407 quid
1884 1339 1941 1390 in

89 1426 247 1477 nobis
281 1434 437 1489 esset,
473 1425 765 1478 secundum
801 1424 948 1494 quod
984 1442 1221 1476 essemus
1258 1424 1459 1474 similes
1491 1423 1614 1474 Deo
1641 1429 1695 1474 et
1718 1431 1860 1476 recte
1884 1424 1941 1475 in

91 1509 401 1579 Scriptura*
427 1511 720 1562 diceremur
743 1511 819 1562 ad
841 1512 1133 1576 imaqirzem
1163 1510 1289 1571 Dei,
1315 1525 1532 1577 prorsus
1558 1509 1889 1575 ignorabam.
1960 1521 2064 1561 Gen.
2080 1523 2116 1569 1,

166 1599 247 1647 13.
286 1597 361 1648 Et
399 1614 507 1647 non
552 1613 802 1647 noveram
832 1595 1098 1665 justitiam
1135 1611 1312 1645 veram
1354 1593 1678 1657 interiorem,
1716 1611 1826 1645 non
1871 1612 1941 1645 ex
1958 1577 2028 1616 ²⁷·

89 1681 471 1735 consuetudine
479 1680 832 1750 judicantem,
853 1680 949 1733 sed
965 1682 1172 1746 exlege
1198 1677 1529 1731 rectissima*
1561 1679 1668 1730 Dei
1696 1679 1940 1747 omnipo-

88 1768 264 1831 tentiS,
285 1785 391 1836 qua
417 1768 764 1818 formarentur
788 1784 962 1818 mores
987 1766 1263 1832 regionum
1285 1773 1339 1817 et
1357 1765 1561 1816 dierum
1586 1783 1683 1833 pro
1709 1767 1942 1832 regioni-

87 1855 190 1904 bus
229 1861 281 1905 et
319 1853 508 1904 diebus
529 1873 542 1915 ;
582 1870 704 1904 clun
739 1853 861 1922 ipsa
892 1853 1095 1921 ubique
1129 1870 1192 1903 ac
1233 1869 1441 1920 semper
1473 1859 1629 1914 esset,
1666 1869 1775 1902 non
1813 1852 1942 1903 alibi

90 1938 209 2002 alia,
224 1956 324 1990 nec
352 1938 482 1989 alias
508 1938 683 2000 aliter3
725 1936 1017 1989 secundum
1045 1955 1205 2006 quam
1223 1937 1354 2006 justi
1382 1945 1559 1989 essent
1583 1938 1872 2000 Abraham,
1890 1943 1943 1988 et

90 2023 264 2086 Isaac,
291 2029 344 2074 et
368 2023 558 2085 Jacob,
586 2028 639 2073 et
664 2023 905 2090 MoyseS‚
932 2029 985 2073 et
1011 2020 1207 2084 David,
1229 2028 1282 2072 et
1305 2021 1385 2071 illi
1411 2040 1595 2073 omnes
1620 2022 1826 2073 laudati
1853 2039 1941 2073 ore

89 2106 223 2158 Dei:
266 2106 359 2158 sed
395 2125 486 2158 eos
520 2108 587 2158 ab
623 2107 885 2176 imperitis
914 2106 1147 2177 judicari
1181 2106 1415 2175 iniquos,
1439 2106 1827 2175 judicantibus
1870 2125 1941 2158 ex
1965 2128 1973 2164 ι
1994 2127 2088 2167 Cor.
2103 2131 2140 2176 4,

87 2193 321 2243 humano
347 2192 451 2254 die,
472 2199 525 2243 et
541 2192 816 2244 universos
835 2210 1008 2243 mores
1027 2191 1246 2243 humani
1269 2192 1476 2258 generis
1502 2210 1572 2243 ex
1598 2200 1750 2261 parte
1777 2194 1941 2244 moris
1957 2182 1995 2221 3.

89 2276 170 2328 sui
194 2276 551 2340 metientibuS‚
578 2286 833 2347 tanquam
871 2278 914 2329 si
952 2277 1073 2347 quis
1097 2278 1312 2329 nescius
1345 2277 1402 2327 in
1440 2278 1781 2329 armamentis
1809 2278 1941 2347 quid

87 2360 176 2412 cui
210 2363 447 2412 membro
483 2362 942 2414 accommodatum
969 2363 1053 2427 sit,
1081 2380 1238 2414 ocrea
1272 2362 1400 2414 velit
1436 2370 1598 2431 caput
1631 2364 1862 2430 contegi,
1890 2372 1943 2415 et

89 2447 240 2512 galea
266 2445 491 2498 calceari
512 2466 525 2509 ;
565 2454 618 2499 et
640 2455 929 2499 murmuret
954 2446 1100 2516 quod
1124 2465 1234 2499 non
1261 2455 1382 2516 apte
1410 2448 1723 2499 conveniat:
1767 2455 1859 2500 aut
1883 2449 1939 2499 in

88 2547 194 2581 uno
215 2529 300 2580 die
326 2529 527 2582 indicto
554 2549 586 2582 a
609 2532 991 2599 pomeridianis
1014 2531 1161 2582 horis
1179 2532 1407 2600 justitio,
1431 2532 1716 2600 quisquam
1745 2540 1938 2584 stoma-

92 2614 279 2665 chetur
321 2632 429 2665 non
466 2615 568 2665 sibi
605 2615 827 2667 concedi
873 2616 1005 2684 quid
1042 2617 1230 2667 venale
1265 2635 1582 2685 proponere,
1619 2619 1746 2686 quia
1782 2637 1938 2670 mane

88 2715 400 2750 concessum
427 2706 534 2750 est:
575 2706 667 2750 aut
691 2700 748 2750 in
771 2717 879 2751 una
904 2699 1063 2751 domo
1089 2698 1269 2751 videat
1295 2701 1502 2770 aliquid
1528 2703 1739 2754 tractari
1766 2704 1936 2755 mani·

86 2783 188 2834 bus
232 2802 261 2835 a
306 2802 575 2853 quoquam
615 2804 782 2849 serm,
822 2786 967 2855 quod
1005 2787 1176 2838 facere
1214 2805 1322 2838 non
1362 2789 1566 2839 sinatur
1603 2790 1695 2858 qui
1740 2793 1939 2858 pocula

86 2867 378 2920 ministrat:
420 2877 509 2922 aut
536 2869 742 2940 aliquid
766 2878 891 2939 post
914 2873 1179 2940 praesepia
1203 2872 1336 2935 fieri,
1366 2873 1511 2942 quod
1538 2881 1660 2925 ante
1696 2893 1935 2926 mensam

84 2952 458 3019 prohibeatur3
498 2963 550 3006 et
572 2954 895 3021 indignetur,
923 2974 1044 3007 cum
1072 2957 1142 3008 sit
1166 2975 1331 3009 unum
1357 2958 1725 3011 habitaculum
1753 2968 1806 3011 et
1829 2978 1936 3011 una

85 3035 301 3099 familia,
335 3056 443 3089 non
483 3039 684 3108 ubique
730 3046 889 3109 atque
935 3042 1183 3093 omnibus
1226 3042 1370 3094 idem
1410 3044 1586 3095 tribui.
1677 3044 1766 3097 Sic
1814 3052 1937 3096 sunt

85 3119 174 3170 isti
207 3121 299 3188 qui
331 3122 692 3190 indignantur,
719 3143 841 3177 cum
875 3125 1139 3178 audierint
1169 3127 1262 3178 illo
1298 3130 1495 3180 saeculo
1527 3130 1744 3181 licuisse
1772 3130 1935 3198 justis

87 3204 309 3273 aliquid,
337 3209 480 3277 quod
504 3209 606 3263 isto
632 3229 740 3262 non
763 3212 891 3264 licet
906 3212 1069 3283 justis
1090 3233 1103 3276 ;
1142 3223 1195 3265 et
1219 3215 1346 3283 quia
1370 3215 1479 3266 illis
1505 3214 1651 3266 aliud
1676 3213 1935 3283 praecepit

86 3290 254 3352 DeuS,
279 3291 395 3344 istis
421 3294 573 3346 aliud.
591 3313 688 3364 pro
714 3299 1096 3366 temporalibus
1123 3300 1317 3362 causiS,
1346 3318 1467 3351 cum
1507 3299 1680 3350 eidem
1705 3299 1932 3367 justitiae

86 3373 296 3442 utrique
334 3377 632 3431 servierint:
674 3399 795 3433 cum
834 3381 890 3432 in
928 3401 1037 3433 uno
1075 3384 1312 3446 homine,
1339 3393 1392 3435 et
1424 3384 1481 3434 in
1515 3402 1623 3434 uno
1661 3383 1764 3446 die,
1792 3391 1845 3434 et
1876 3384 1932 3434 in

86 3457 207 3508 unis
251 3458 456 3512 aedibus
497 3462 712 3516 videant
754 3466 902 3517 aliud
944 3467 1035 3519 alii
1079 3469 1315 3518 membro
1353 3485 1662 3533 congruere,
1700 3475 1752 3517 et
1787 3467 1934 3519 aliud

76 3540 394 3610 jamdudum
430 3546 664 3611 licuisse,
697 3559 820 3618 post
854 3551 1041 3602 horam
1078 3569 1187 3602 non
1221 3552 1414 3614 licere3
1455 3551 1712 3620 quiddam
1746 3552 1802 3602 in
1838 3553 1933 3604 illo

86 3628 283 3692 angulo
309 3629 542 3695 permitti
568 3639 659 3684 aut
674 3633 868 3702 juberi,
896 3634 1043 3704 quod
1068 3635 1125 3685 in
1153 3635 1255 3686 isto
1274 3634 1420 3703 juste
1454 3645 1657 3689 vetetur
1683 3644 1736 3688 et
1760 3637 1932 3688 vindi-

725 3729 745 3760 f
774 3735 862 3775 Vid.
884 3737 929 3775 L.
954 3735 1019 3776 vii.
1036 3750 1074 3776 c.
1099 3738 1146 3775 12
1166 3743 1203 3776 et
1226 3738 1287 3775 16.

961 3820 997 3854 1)
1025 3810 1056 3855 2
