2378 4134
405 243 474 292 66
877 243 931 295 S.
973 243 1420 299 AUGUSTINI
1460 246 1821 302 EPISCOPI

200 382 260 423 Is.
283 382 350 430 14,
404 373 476 427 ad
514 388 655 427 eum.
734 376 863 429 Non
902 386 1171 432 noverunt
1207 379 1350 432 hanc
1397 379 1562 445 viam,
1601 389 1656 435 et
1702 388 1900 452 putant
1946 400 2004 435 se
2053 385 2306 439 excelsos

200 439 270 541 {g
284 438 390 535 ᾖεν·
406 479 526 515 6886
561 481 687 515 cum
722 461 992 517 sideribus
1020 472 1075 518 et
1097 464 1350 530 lucidos;
1391 472 1446 519 et
1470 485 1600 521 6666
1634 476 1872 523 ruerunt
1906 471 1968 522 in
1999 477 2228 537 terram,
2253 482 2310 526 et

199 550 754 625 Rom.y1‚0bscuratum
787 559 868 605 est
901 555 1171 622 insipiens
1203 575 1296 608 cor
1327 575 1532 609 eorum.
1610 559 1689 611 Et
1713 560 1887 612 multa
1912 577 2040 613 vera
2065 559 2133 613 de
2161 578 2306 615 crea-

198 618 269 660 21.
403 647 524 694 11113
542 640 750 706 (11611111,
772 648 826 693 61
841 641 1156 707 Veritatem,
1178 651 1437 697 creaturae
1457 645 1759 711 Artificem,
1779 664 1891 698 non
1918 647 2011 716 pie
2039 657 2307 718 quaerunt,

200 736 309 778 Ibid.
403 735 458 782 et
490 726 617 780 ideo
652 746 765 779 non
799 728 1115 782 inveniunt:
1159 736 1254 782 aut
1287 731 1334 783 81
1371 731 1677 800 inveniunt,
1704 742 2078 802 coqnoscentes
2102 736 2308 802 Deum,

323 831 328 837 ·
401 833 511 869 non
535 817 682 868 sicut
707 817 891 869 Deum
919 818 1207 882 honorant,
1233 824 1338 870 aut
1359 822 1579 887 qratias
1601 828 1780 889 ayunt
1794 843 1814 880 ;
1857 823 1953 875 sed
1975 830 2304 876 evanescunt

402 905 463 955 in
488 901 912 972 coyitationibus
934 905 1068 970 suis,
1087 911 1143 956 et
1159 905 1358 958 dicunt
1374 924 1430 959 se
1446 925 1557 960 esse
1574 909 1868 976 sapientes,
1890 910 1997 962 sibi
2014 910 2305 963 tribuendo

403 1008 527 1060 quae
554 996 650 1043 tua
676 997 819 1055 sunt,
840 1008 903 1042 36
929 1008 1030 1061 per
1052 990 1160 1044 hoc
1189 991 1411 1046 student
1434 995 1846 1063 perversissima
1872 998 2118 1051 caecitate
2140 997 2306 1050 etiam

400 1078 503 1132 tibi
529 1078 764 1131 tribuere
792 1096 915 1148 quae
944 1097 1042 1131 sua
1069 1086 1212 1145 sunt,
1231 1080 1521 1134 mendacia
1541 1082 1754 1136 86111661
1778 1083 1837 1135 111
1866 1092 1916 1137 16
1946 1085 2306 1149 conferenteS,

195 1188 278 1216 ver.
300 1175 370 1216 23.
402 1166 497 1236 qui
522 1166 722 1218 veritas
749 1183 825 1230 68,
853 1173 908 1218 et
933 1167 1296 1220 immutantes
1316 1170 1554 1235 storiam
1580 1172 1896 1239 incorrupti
1923 1173 2035 1224 Dei
2060 1174 2122 1224 in
2148 1174 2305 1225 simi-

399 1254 695 1307 litudinem
748 1255 1015 1323 ima-qinis
1065 1256 1444 1324 corruptibilis
1494 1260 1750 1323 hominis,
1802 1266 1857 1311 et
1907 1261 2208 1325 volucrum,
2251 1267 2307 1312 et

194 1357 277 1386 ver.
295 1344 366 1386 25.
399 1342 845 1412 quadrupedum,
871 1349 926 1395 et
950 1350 1288 1411 serpentum,
1314 1352 1370 1397 et
1395 1351 1719 1398 convertunt
1743 1348 2029 1399 veritatem
2059 1354 2214 1400 tuam
2243 1348 2305 1400 in

397 1429 750 1483 mendacium
773 1453 791 1488 ;
846 1437 900 1483 et
939 1433 1144 1496 colunt,
1183 1438 1238 1484 et
1284 1435 1532 1485 serviunt
1579 1441 1850 1487 creaturae
1888 1437 2082 1503 potius
2132 1455 2299 1507 quam

402 1518 673 1571 Creatori.

473 1609 523 1657 6.
565 1606 750 1658 Multa
773 1612 956 1658 tamen
985 1607 1053 1659 ab
1082 1607 1179 1672 eis,
1207 1626 1279 1660 ex
1310 1608 1433 1678 ipsa
1469 1616 1730 1677 creatura,
1757 1629 1885 1664 vera
1920 1610 2070 1664 dicta
2103 1611 2303 1664 1611116-

396 1695 561 1758 bam;
602 1701 656 1747 et
682 1696 1003 1747 occurrebat
1028 1695 1164 1746 mihi
1191 1696 1330 1748 ratio
1366 1715 1465 1766 per
1498 1716 1754 1750 numeros
1793 1704 1848 1751 et
1885 1697 2133 1751 ordinem
2167 1705 2303 1751 tem-

395 1799 610 1851 porum,
642 1788 696 1834 et
729 1781 975 1834 visibiles
1013 1783 1386 1836 attestationes
1423 1784 1678 1850 siderum,
1708 1793 1762 1838 et
1796 1786 2143 1839 conferebam
2178 1804 2304 1839 cum

396 1868 560 1922 dictis
596 1870 919 1935 Manichaei,
956 1869 1117 1940 quae*
1149 1870 1215 1923 de
1250 1871 1340 1923 his
1373 1874 1536 1925 rebus
1569 1874 1745 1926 multa
1778 1873 2000 1943 scripsit
2034 1873 2302 1943 copiosis-

396 1960 531 2012 sime
554 1959 817 2024 delirans3
859 1967 914 2012 et
930 1978 1042 2012 non
1068 1961 1205 2012 mihi
1233 1964 1551 2016 occurrebat
1573 1964 1712 2016 ratio
1739 1982 1841 2016 1166
1872 1963 2225 2016 solstitiorum
2249 1971 2303 2016 et

397 2049 870 2119 aequinoctiorum,
896 2066 999 2101 nec
1027 2048 1337 2102 defectuum
1363 2052 1732 2116 luminarium,
1759 2069 1862 2105 1166
1892 2050 2165 2122 quidquid
2191 2052 2301 2103 tale

394 2137 454 2187 in
490 2137 648 2188 libn’s
688 2136 966 2189 saecularis
1005 2136 1290 2207 sapientiae
1327 2137 1640 2191 didiceram.
1720 2140 1810 2192 Ibi
1855 2147 2035 2192 autem
2082 2139 2301 2192 credere

385 2224 640 2295 jubebar,
668 2231 721 2276 et
747 2223 817 2277 ad
841 2223 965 2276 illas
990 2224 1229 2277 rationes
1264 2226 1503 2278 numeris
1531 2233 1586 2279 et
1613 2227 1788 2280 oculis
1814 2226 1952 2279 meis
1984 2228 2301 2296 exploratas

394 2330 507 2364 non
535 2313 874 2376 occurrebat,
903 2318 958 2363 61
982 2312 1146 2380 longe
1175 2312 1449 2365 diversum
1477 2322 1606 2367 erat.

248 2404 328 2444 IV·
369 2459 376 2467 ,
473 2405 520 2451 7.
565 2398 872 2469 Numquid,
912 2399 1151 2452 Domine
1192 2401 1346 2453 Deus
1394 2402 1656 2466 veritatiS,
1697 2402 1949 2472 quisquis
1986 2401 2140 2453 novit
2176 2401 2300 2466 ista,

187 2460 379 2569 {ggssllgff
385 2486 504 2558 jam
542 2489 729 2557 placet
766 2486 909 2539 tibi?
978 2487 1181 2540 Infelix
1222 2489 1368 2541 enim
1406 2490 1572 2542 homo
1615 2490 1710 2560 qui
1751 2490 1854 2543 scit
1886 2489 1984 2542 illa
2018 2490 2220 2555 omnia,
2247 2497 2300 2543 te

186 2572 294 2613 beat.
393 2582 575 2629 autem
609 2575 817 2629 nescit:
858 2577 1055 2629 beatus
1087 2583 1270 2629 autem
1298 2578 1394 2648 qui
1420 2586 1473 2631 te
1501 2578 1621 2643 8611,
1649 2579 1813 2631 etiam
1842 2577 1887 2630 si
1914 2578 2012 2631 illa
2035 2578 2250 2630 nesciat
2261 2589 2295 2629 ἕ.

393 2663 501 2724 Qui
529 2682 658 2716 vero
686 2669 740 2715 et
765 2670 819 2715 te
845 2670 900 2716 et
918 2663 1017 2716 1113
1034 2664 1206 2729 novit,
1221 2683 1333 2716 non
1350 2672 1575 2735 propter
1591 2666 1689 2718 illa
1713 2665 1944 2732 beatior,
1963 2664 2060 2717 sed
2076 2671 2302 2735 propter

187 2749 310 2793 Rom.
338 2754 373 2801 1,
390 2757 442 2803 te
471 2752 649 2804 solum
680 2751 876 2803 beatus
902 2757 1002 2815 est,
1027 2752 1076 2803 si
1102 2769 1419 2820 coynoscens
1447 2760 1516 2818 te,
1542 2755 1689 2805 sicut
1715 2755 1900 2806 Deum
1923 2754 2217 2821 qlori'ficet,
2244 2759 2298 2804 et

186 2808 255 2847 21.
384 2839 604 2906 qratias
637 2844 790 2906 ayat,
825 2845 879 2890 et
916 2856 1025 2890 non
1056 2846 1346 2891 evanescat
1378 2842 1438 2892 in
1474 2840 1896 2909 coyitationibus
1929 2844 2062 2893 suis.
2142 2840 2298 2892 Sicut

390 2924 535 2977 enim
568 2925 760 2977 melior
794 2933 877 2977 est
913 2926 1009 2996 qui
1046 2927 1202 2978 novit
1236 2926 1518 2995 possidere
1555 2930 1821 2994 arborem,
1850 2936 1903 2979 61
1941 2926 2009 2979 de
2044 2946 2149 2980 usu
2176 2927 2294 2998 ejus

387 3011 491 3063 tibi
519 3012 721 3080 gratias
749 3012 880 3080 agit,
909 3013 1159 3082 quamvis
1190 3013 1401 3067 nesciat
1430 3016 1518 3066 vel
1555 3021 1690 3084 quot
1723 3014 1926 3068 cubitis
1953 3016 2065 3067 alta
2092 3014 2180 3079 sit,
2207 3016 2294 3067 vel

390 3106 596 3169 quanta
613 3098 902 3151 latitudine
923 3098 1124 3152 diffusa
1145 3119 1158 3164 ;
1201 3118 1366 3170 quam
1385 3101 1477 3153 ille
1500 3101 1594 3172 qui
1617 3120 1737 3154 eam
1755 3101 1994 3167 metitur,
2023 3108 2078 3155 et
2104 3121 2295 3155 omnes

387 3204 568 3239 ramos
596 3185 712 3258 ejus
739 3193 1006 3251 numerat,
1034 3193 1090 3240 et
1114 3206 1295 3258 neque
1329 3188 1580 3257 possidet
1615 3207 1752 3255 eam,
1779 3207 1960 3259 neque
1995 3196 2293 3243 creatorem

388 3272 506 3344 ejus
539 3274 694 3326 novit
727 3279 822 3327 aut
854 3272 1062 3343 diligit:
1124 3274 1204 3327 sic
1243 3274 1424 3328 fidelis
1456 3275 1642 3342 homo,
1682 3276 1838 3348 cujus
1878 3283 2023 3329 totus
2055 3276 2293 3329 mundus

182 3371 209 3410 2
231 3370 326 3412 Cor.
388 3360 700 3415 divitiarum
739 3368 841 3427 est,
869 3370 923 3414 et
961 3362 1121 3432 quasi
1158 3364 1305 3415 nihil
1341 3364 1562 3428 habens,
1601 3366 1788 3416 omnia
1816 3365 2081 3432 possidet,
2119 3365 2292 3417 1111136-

182 3432 227 3483 ⁶2
251 3433 313 3472 ¹⁰·
385 3449 556 3504 rendo
583 3450 685 3503 tibi
714 3450 804 3504 cui
832 3450 1074 3504 serviunt
1101 3450 1302 3517 omnia,
1331 3451 1582 3522 quamvis
1607 3470 1709 3505 nec
1739 3453 1931 3505 saltem
1971 3452 2291 3523 septentrio-

385 3556 519 3590 num
558 3556 721 3609 gyros
758 3538 1005 3603 noverit3
1046 3538 1294 3592 dubitare
1334 3540 1560 3592 stultum
1588 3546 1672 3592 est
1698 3540 1834 3610 quin
1871 3540 2062 3610 utique
2100 3539 2294 3592 melior

443 3666 464 3698 g
505 3663 768 3704 Laudabilior
809 3670 869 3705 est
908 3663 1082 3712 animus,
1114 3663 1180 3705 cui
1217 3670 1311 3705 nota
1367 3663 1555 3717 ignorans
1587 3664 1671 3719 ipse
1704 3676 1786 3720 qua
1814 3663 2063 3719 ingrediatur
2096 3664 2149 3704 ad
2177 3662 2286 3704 salu-

386 3723 448 3758 est
478 3719 540 3758 vel
573 3719 784 3759 infirmitas
810 3733 898 3768 sua,
920 3734 1043 3774 quam
1064 3721 1134 3774 qui
1158 3733 1207 3761 ea
1230 3733 1310 3760 non
1368 3726 1448 3759 tem
1472 3733 1518 3760 ae
1539 3720 1768 3763 firmitatem
1799 3734 1932 3763 suam.
1974 3722 2082 3774 Aug.
2105 3720 2155 3761 de
2174 3719 2288 3760 Trin.

385 3780 584 3834 respecta,
622 3774 708 3815 vias
741 3775 917 3816 siderum
953 3783 1153 3817 scrutatur
1187 3775 1311 3816 etiam
1368 3775 1421 3819 iv.
1445 3789 1615 3831 prooem.

390 3835 638 3881 cogniturus,
659 3838 730 3870 aut
760 3832 830 3884 qui
854 3831 939 3885 jam
975 3832 1162 3886 cognitas
1183 3838 1310 3881 tenet,
