2378 4134
557 217 1160 275 CONFESSIONUM
1198 215 1437 269 LIBER
1473 217 1571 268 vl.
1920 217 1990 266 97

142 362 198 408 et
233 351 618 424 dissipantibus
652 368 756 415 me,
781 349 909 402 dum
947 349 1100 403 dico:
1140 348 1276 402 Cras
1311 345 1615 408 inveniam3
1654 361 1782 397 ecce
1819 343 1991 396 mani-

141 436 332 488 festum
363 432 657 504 apparebit,
682 438 737 484 et
769 431 996 484 tenebo:
1033 447 1162 484 ecce
1187 430 1417 482 Faustus
1441 426 1639 489 veniet,
1664 431 1719 477 et
1752 430 1993 493 exponet

142 521 335 572 omnia.
408 519 457 571 O
493 518 675 586 magni
711 517 811 569 viri
848 511 1192 569 Academici!
1234 514 1374 566 nihil
1410 511 1482 565 ad
1523 509 1788 578 agendam
1823 510 1990 561 vitam

142 605 271 658 certi
295 601 675 672 comprehendi
696 608 889 671 potest.
966 602 1083 653 Imo
1109 616 1410 670 quaeramus
1436 595 1770 662 diligentius,
1796 600 1849 646 et
1879 611 1991 646 non

141 689 496 759 desperemus.
570 689 718 740 Ecce
734 686 850 757 jam
875 703 985 738 non
1010 691 1137 738 sunt
1163 683 1395 738 absurda
1417 683 1476 735 in
1501 681 1682 734 Libris
1708 679 1989 732 ecclesias·

141 773 262 826 ticis
287 791 406 842 quae
433 771 663 823 absurda
691 771 1023 834 videbantur,
1048 777 1102 822 et
1133 775 1363 839 possunt
1395 768 1548 820 aliter
1575 772 1736 835 atque
1764 765 1990 817 honeste

140 858 380 925 intelligi.
458 856 649 923 Figam
676 857 842 926 pedes
870 856 926 906 in
955 874 1019 908 eo
1047 855 1215 923 gradu
1238 856 1295 906 in
1322 872 1429 924 quo
1455 869 1591 922 puer
1616 870 1650 905 a
1672 850 1990 921 parentibus

142 960 283 995 eram
324 941 552 1011 posituS‚
590 941 761 994 donec
801 940 1102 993 inveniatur
1135 940 1423 1009 perspicua
1458 937 1668 990 veritaS.
1745 935 1855 989 Sed
1894 935 1991 987 ubi

141 1025 434 1097 quaeretur?
487 1026 704 1096 quando
755 1023 1055 1095 quaeretur?
1144 1026 1196 1076 Ν
1200 1043 1270 1076 011
1318 1030 1476 1076 vacat
1524 1021 1828 1085 AmbrosiO,
1878 1037 1990 1072 non

140 1119 292 1164 vacat
314 1113 505 1178 legere.
559 1112 671 1164 Ubi
695 1111 844 1179 ipsos
871 1109 1090 1163 codices
1117 1108 1436 1179 quaerimus?
1475 1107 1637 1171 unde,
1657 1114 1748 1159 aut
1771 1104 1989 1176 quando

140 1195 539 1265 comparamus?
581 1215 613 1248 a
649 1196 845 1265 quibus
881 1193 1172 1247 smnimus?
1251 1195 1592 1263 Deputentur
1625 1200 1883 1267 tempora,
1909 1189 1989 1242 dj-

140 1282 462 1333 stribuantur
488 1281 633 1333 110130
663 1298 760 1349 pro
786 1281 957 1332 salute
984 1279 1192 1331 animae.
1269 1280 1479 1345 Magna
1506 1295 1630 1346 spes
1660 1278 1850 1328 oborta
1877 1282 1986 1328 est:

138 1384 245 1418 non
271 1365 426 1418 docet
460 1366 727 1418 catholica
759 1364 893 1416 fides
923 1363 1069 1433 quod
1102 1364 1444 1432 putabamuS‚
1471 1371 1523 1415 et
1547 1361 1671 1413 vani
1697 1362 1988 1413 accusaba-

138 1469 285 1514 mus3
327 1451 477 1503 nefas
513 1451 714 1501 habent
751 1447 896 1501 docti
932 1448 1048 1518 ejus
1086 1448 1300 1501 credere
1338 1449 1517 1500 Deum
1555 1447 1731 1513 figura
1766 1445 1990 1497 humani

139 1535 371 1604 corporis
414 1535 776 1587 terminatum:
823 1540 878 1585 et
919 1533 1227 1585 dubitamus
1268 1534 1486 1602 pulsare
1532 1550 1640 1602 quo
1685 1532 1991 1601 aperiantur

138 1622 362 1675 caetera?
439 1620 887 1674 Antemeridjanis
930 1619 1111 1674 horis*
1139 1620 1393 1689 discipuli
1433 1626 1732 1688 occupant:
1781 1619 1989 1671 caeteris

139 1706 270 1776 quid
302 1706 560 1759 facimus?
603 1724 697 1758 cur
730 1724 840 1758 non
875 1705 933 1756 id
967 1705 1211 1772 agimus?
1291 1705 1399 1758 Sed
1435 1704 1653 1774 quando
1693 1706 1988 1756 salutamus

139 1793 340 1844 amicos
382 1792 624 1862 majoreS,
664 1809 887 1860 quorum
931 1791 1199 1858 suffragiis
1244 1809 1381 1859 opus
1422 1791 1686 1843 habemus
1705 1789 1735 1841 ?«
1771 1789 1988 1859 quando

138 1894 499 1946 praeparamus
529 1875 674 1945 quod
710 1882 887 1927 emant
924 1875 1269 1928 scholastici?
1314 1876 1529 1945 quando
1554 1893 1863 1945 reparamus
1888 1892 1988 1927 nos

137 1962 302 2030 iPSOS‚
326 1961 616 2013 relaxando
643 1962 820 2012 animo
848 1963 914 2012 ab
942 1962 1239 2013 intentione
1266 1979 1511 2013 curarum
1530 1961 1554 2014 ἓ·

215 2050 295 2096 19.
334 2047 561 2098 Pereant
585 2046 780 2110 omnia,
799 2052 852 2097 et
871 2045 1201 2097 dimittamus
1226 2046 1345 2098 haec
1371 2065 1510 2098 vana
1535 2052 1588 2098 et
1612 2046 1816 2098 inania:
1860 2063 1986 2098 con-

137 2132 363 2182 feramus
401 2148 498 2182 nos
532 2131 600 2182 ad
633 2131 800 2182 solam
835 2129 1240 2199 inquisitionem
1269 2131 1520 2183 veritatiS.
1595 2130 1755 2184 Vita*
1794 2131 1990 2182 misera

139 2224 243 2279 est3
286 2234 428 2267 mors
465 2215 681 2267 incerta.
761 2215 819 2267 Si
859 2216 1035 2267 subito
1071 2216 1296 2284 obrepit,
1331 2216 1603 2285 quomodo
1643 2217 1773 2269 hinc
1814 2217 1987 2268 exibi-

139 2300 286 2353 mus?
327 2308 381 2352 et
398 2301 490 2351 ubi
508 2301 665 2352 nobis
692 2300 948 2352 discenda
974 2308 1098 2352 sunt
1122 2319 1242 2370 quae
1267 2302 1357 2353 hic
1383 2302 1741 2368 negleximus,
1759 2300 1856 2353 ac*
1878 2319 1987 2352 non

138 2386 317 2453 potius
354 2384 515 2453 hujus
552 2385 892 2452 negligentiae
937 2386 1203 2454 supplicia
1243 2386 1479 2438 luenda?
1547 2387 1711 2451 Quid,
1756 2386 1802 2437 si
1845 2404 1988 2438 mors

139 2470 258 2538 ipsa
291 2487 501 2520 omnem
539 2487 718 2521 curam
753 2486 914 2520 sensu
950 2469 1248 2538 amputabit
1286 2478 1338 2522 et
1370 2470 1559 2522 finiet?
1626 2473 1773 2538 Ergo
1801 2479 1855 2522 et
1879 2471 1984 2523 hoc

142 2553 498 2622 quaerendum.
575 2552 682 2605 Sed
711 2553 852 2605 absit
888 2561 946 2604 ut
968 2553 1044 2604 ita
1071 2554 1153 2605 sit.
1232 2556 1359 2606 Non
1385 2562 1557 2618 vacat,
1582 2573 1691 2606 non
1719 2562 1799 2606 est
1823 2555 1983 2607 inane

141 2638 286 2706 quod
319 2644 428 2690 tam
463 2636 703 2689 eminens
739 2638 949 2689 culmen
986 2637 1314 2690 auctoritatis
1358 2639 1663 2692 christianae
1702 2640 1833 2692 fidei
1869 2647 1983 2692 toto

140 2724 264 2774 orbe
290 2721 645 2774 diffunditur&
698 2723 990 2790 Nunquam
1015 2729 1163 2774 tanta
1188 2730 1243 2774 et
1266 2724 1393 2776 talia
1417 2742 1514 2793 pro
1541 2725 1699 2776 nobis
1725 2724 1983 2778 divinitus

139 2814 434 2874 agerentur,
462 2807 506 2858 si
532 2813 698 2859 morte
735 2806 970 2875 corporis
1000 2807 1159 2859 etiam
1189 2808 1299 2861 vita
1335 2811 1527 2862 animae
1566 2821 1978 2865 consumeretur.

140 2893 283 2952 Quid
308 2901 620 2946 cunctamur
640 2893 804 2960 igitur
825 2894 1011 2947 relicta
1036 2912 1130 2963 spe
1157 2897 1359 2960 saeculi,
1380 2898 1617 2950 conferre
1634 2917 1734 2950 nos
1750 2906 1890 2953 totos
1909 2901 1979 2953 ad

140 2978 479 3046 quaerendum
506 2979 683 3030 Deum
708 2986 762 3030 et
784 2979 947 3031 vitam
973 2979 1218 3032 beatam?
1279 2981 1387 3033 Sed
1412 2990 1700 3052 exspecta:
1731 2983 1978 3054 jucunda

141 3069 263 3115 sunt
285 3062 442 3115 etiam
466 3063 599 3127 ista3
636 3063 838 3116 habent
872 3082 982 3116 non
1017 3082 1235 3133 parvam
1271 3065 1610 3120 dulcedinem
1643 3087 1826 3122 suam:
1866 3089 1975 3122 non

160 3244 168 3252 ·
197 3192 339 3253 tlpsa
353 3206 422 3233 vos
434 3195 607 3236 Ecclesia
621 3210 685 3237 ore
701 3203 884 3237 maternae
903 3197 1021 3237 dilec·
1079 3211 1157 3238 non
1178 3199 1337 3245 vidistis,
1358 3206 1563 3253 propterea
1591 3202 1747 3240 credere
1778 3202 1974 3242 recusatis.

141 3254 253 3285 tronus
279 3246 501 3306 alloquitur,
520 3256 547 3272 ⁸·
570 3251 653 3303 Ego
682 3263 801 3304 quam
829 3251 1021 3291 miramini
1080 3253 1183 3305 Ergo
1217 3253 1303 3293 haec
1339 3254 1542 3306 adspicite,
1573 3254 1659 3293 haec
1699 3268 1788 3307 quae
1818 3256 1974 3295 cernitis

142 3312 210 3351 per
247 3312 464 3340 uunversum
501 3304 689 3344 mundum
725 3304 1019 3345 fructificantem
1079 3306 1275 3359 cogitate;
1304 3320 1394 3359 quae
1413 3308 1522 3346 vobis
1550 3321 1627 3346 non
1658 3308 1854 3361 praeterita
1882 3322 1971 3349 nar-

141 3361 258 3414 atque
276 3358 694 3427 crescentemqualem
723 3372 784 3399 me
803 3359 1023 3412 conspicitis
1079 3368 1227 3407 rantur,
1266 3373 1338 3399 nec
1377 3360 1508 3399 futura
1544 3361 1868 3413 praenuntiantur,
1904 3364 1972 3403 sed

140 3406 351 3468 aliquando
378 3419 454 3446 non
482 3407 549 3448 fui.
566 3410 576 3427 '
630 3417 657 3436 ‘⁰
677 3413 757 3459 Qui
786 3413 1024 3465 temporibus
1079 3413 1285 3466 praesentia
1295 3415 1621 3453 demonstrantur.
1652 3416 1840 3455 Anvobis
1854 3416 1971 3457 inane

140 3459 233 3520 ¹¹.¹¹³.
249 3474 290 3499 111
322 3460 347 3499 J
353 3461 465 3522 udzea
489 3469 590 3502 terra.
622 3464 753 3505 fideles
778 3466 947 3513 suerunt,
974 3480 1022 3506 ex
1078 3467 1140 3506 vel
1169 3467 1253 3506 leve
1273 3466 1440 3514 videtur,
1461 3475 1500 3506 et
1527 3468 1682 3507 nullum
1711 3469 1772 3508 vel
1803 3483 1968 3523 parvum

140 3526 286 3573 virgine
323 3521 556 3577 nativitatem
583 3517 811 3566 mirabilem,
849 3532 896 3559 ac
934 3533 1022 3574 pas·
1079 3520 1221 3573 putatis
1236 3533 1318 3560 esse
1337 3520 1568 3560 miraculum
1588 3521 1776 3570 divinum,
1797 3524 1903 3577 quod
1928 3525 1970 3565 in

139 3579 300 3628 nonern,
348 3576 679 3617 resurrectionem,
733 3572 1019 3614 adscensionem
1076 3573 1232 3614 nomine
1250 3573 1366 3613 unius
1393 3574 1570 3615 crucifixi
1599 3575 1822 3618 universum
1847 3592 1969 3631 genus

141 3619 299 3665 Chusa.
317 3621 448 3661 omnia
466 3621 596 3662 divina
614 3623 717 3664 dien
742 3625 826 3679 ejus
853 3634 892 3667 et
918 3627 1023 3667 facta
1077 3636 1207 3667 currat
1238 3627 1453 3667 humanum
1467 3628 1514 3668 'J’
1566 3629 1672 3684 Aug.
1701 3630 1750 3672 de
1786 3631 1862 3673 fide
1894 3646 1968 3674 rer.

139 3682 348 3728 pmentes
361 3677 565 3730 praeseutia
581 3676 806 3721 didicerunt.
842 3681 941 3721 Haec
958 3693 1024 3720 vos
1076 3694 1166 3734 quae
1186 3693 1263 3722 non
1280 3681 1473 3731 videntur,
1493 3683 1525 3735 §.
1550 3685 1590 3729 4,
1612 3684 1651 3725 7.

1041 3764 1083 3799 Η
