2378 4134
2300 151 2316 190 μ’,
2312 86 2324 116 'r

391 147 514 195 234.-
867 146 923 200 S.
964 147 1127 202 AUG
1136 147 1409 202 USTINI
1449 148 1809 204 EPISCOPI

385 276 741 346 templatione
756 279 1069 350 requiescat
1080 279 1133 335 ?''
1173 281 1449 342 Quoniam
1465 289 1542 350 tu,
1562 283 1735 350 Deus,
1756 280 2010 350 diligenti
2036 286 2089 335 te
2115 297 2318 354 quan-„f
2351 273 2358 298 ³

386 371 504 417 tum
554 366 833 438 praecipiS,
879 369 1127 423 ostendis
1177 371 1229 424 ei
1281 382 1335 424 te
1387 378 1444 425 et
1494 371 1704 426 sufficis
1756 371 1839 435 ei;
1897 374 1953 423 et
2001 367 2127 423 ideo
2175 375 2315 427 noni-3
2352 363 2354 367 ’

388 449 632 505 declinat
656 471 690 506 a
712 460 786 520 te,
811 473 914 509 nec
942 455 1014 510 ad
1049 461 1151 510 se⁰.
1232 458 1374 511 Haec
1402 464 1486 511 est
1520 457 1746 511 domus¹²
1772 456 1882 510 Dei
1915 473 2028 508 non
2062 462 2302 526 terrena‚'.

387 555 570 610 neque
602 540 718 594 ulla
755 542 965 595 coelesti
999 544 1144 597 mole
1173 562 1453 614 corporea,
1481 544 1579 598 sed
1612 543 1912 615 spiritualis
1939 550 1994 596 et
2015 542 2320 615 particepffl.
2356 578 2361 598 1

184 641 256 682 Ps.
280 626 707 686 148,aeternitatis
732 635 860 696 tuae,
888 630 1021 700 quia
1047 630 1165 683 sine
1198 631 1324 684 labe
1357 631 1416 684 in
1453 638 1714 686 aeternum
1730 630 1772 684 ⁴⁵.
1852 631 2122 684 statuisti
2144 633 2310 684 enim.⁴

183 698 226 738 6·
390 733 513 768 eam
547 717 609 768 in
642 718 904 768 saeculum
939 724 995 770 et
1027 719 1087 770 in
1121 720 1380 771 saeculum
1412 720 1633 777 soeculi;
1673 723 2025 787 paeceptum
2056 717 2294 785 posu-isti

392 809 447 855 et
479 821 588 855 non
617 803 952 871 praeteribit.
1030 806 1152 858 Nec
1192 811 1375 859 tamen
1414 805 1517 859 tibi
1555 806 1679 858 Deo
1718 811 2007 869 coaeterna,
2035 803 2313 874 quoniam.

391 910 505 944 non
533 892 651 944 sine
677 892 836 945 initio
862 892 1007 946 facta
1033 901 1116 948 est
1141 894 1303 948 enim.

186 981 380 1028 Redi-1,
470 983 558 1031 20.
613 980 759 1031 Nam
805 979 907 1032 etsi
957 998 1071 1033 non
1121 980 1431 1035 invenimus
1483 990 1702 1052 tempus
1753 987 1879 1034 ante
1922 980 2093 1044 illam,
2135 979 2296 1046 prior

188 1042 214 1081 ⁴
396 1068 601 1137 quippe
626 1067 871 1118 omnium
911 1074 1104 1120 creata
1131 1076 1211 1121 est
1237 1070 1519 1137 sapientia
1535 1091 1554 1128 ;
1598 1087 1700 1122 nec
1728 1068 1918 1139 utique
1945 1066 2041 1119 illa
2068 1065 2297 1135 Sapien-

396 1153 474 1206 tia
498 1152 619 1218 tibi,
646 1153 803 1205 Deus
837 1160 1038 1220 noster,
1066 1155 1217 1209 Patri
1255 1174 1354 1209 suo
1389 1157 1555 1227 plane
1592 1162 1865 1210 coaetema
1901 1161 1955 1207 et
1990 1152 2219 1223 aequalis
2246 1159 2301 1205 et

389 1258 496 1310 per
535 1258 703 1311 quam
749 1248 942 1294 ereata
991 1249 1123 1295 sunt
1174 1245 1380 1308 omnia,
1424 1249 1479 1296 et
1520 1243 1579 1295 in
1625 1261 1736 1313 quo
1779 1241 2071 1308 Principio
2102 1239 2300 1308 fecisti

399 1330 592 1381 coelum
636 1334 690 1380 et
738 1335 945 1380 terram
965 1350 983 1387 ,·
1043 1328 1141 1381 sed
1190 1330 1436 1399 profecto
1494 1328 1764 1400 sapientia
1808 1346 1932 1399 quae
1977 1331 2157 1379 creata
2201 1331 2300 1390 est,

399 1415 788 1468 intellectualis
847 1422 1041 1469 natura
1095 1416 1325 1483 scilicet,
1380 1436 1503 1488 quae
1561 1414 2025 1485 contemplatione
2079 1411 2303 1464 luminis

399 1505 586 1556 lumen
626 1509 739 1556 est:
783 1502 983 1555 dicitur
1021 1504 1167 1556 enim
1206 1511 1260 1557 et
1302 1505 1443 1575 ipsa,
1484 1504 1734 1575 quamvis
1779 1508 1977 1566 creata,
2018 1498 2300 1570 sapientia.
2375 1553 2378 1568 ⁴

403 1589 516 1643 Sed
562 1597 828 1661 quantum
872 1591 1097 1643 interest
1139 1590 1281 1643 inter
1322 1592 1508 1643 lumen
1552 1590 1699 1662 quod
1744 1589 2018 1642 illuminat
2063 1594 2117 1639 et
2157 1584 2302 1657 quod
2375 1569 2378 1672 l

401 1678 789 1743 illuminaturw,
816 1686 1029 1732 tantum
1063 1680 1205 1732 inter
1231 1681 1558 1751 sapientiam
1587 1699 1710 1751 quae
1739 1684 1886 1732 creat
1912 1685 1965 1729 et
1993 1677 2154 1729 istam
2182 1691 2303 1744 quae
2377 1677 2378 1712 ἶ

405 1773 588 1819 creata
614 1774 722 1830 est3
765 1766 908 1819 sicut
932 1767 1074 1818 inter
1088 1765 1362 1837 justitiam
1379 1767 1778 1839 justificantem
1807 1772 1861 1819 et
1877 1763 2151 1836 justitiam
2183 1779 2303 1831 quae

397 1853 798 1924 justificatione
823 1854 969 1907 facta
994 1860 1091 1906 est.
1172 1856 1317 1907 Nam
1346 1862 1401 1907 et
1425 1873 1528 1907 nos
1564 1853 1697 1907 dicti
1734 1872 1921 1906 sumus
1945 1850 2162 1924 justitia
2196 1856 2306 1902 tua.-

200 1952 340 1992 2Cor.
405 1941 500 1994 Ait
538 1941 685 1994 enim
726 1940 950 2014 quidam
991 1959 1177 1994 servus
1217 1948 1362 2007 111118,
1387 1949 1453 1994 ut
1491 1960 1586 1994 7208
1623 1944 1795 1994 simus
1819 1941 2056 2011 justitia
2099 1938 2209 1991 Dei
2245 1938 2306 1988 in

200 2009 333 2055 5,21.
405 2033 537 2099 ipso,
617 2032 768 2099 Ergo
798 2029 928 2101 quia
961 2030 1111 2100 prior
1139 2031 1383 2083 omnium
1418 2037 1599 2084 ereata
1634 2037 1716 2083 est
1751 2029 2003 2100 quaedam
2041 2025 2310 2098 sapientia

410 2140 533 2191 quae
561 2127 743 2174 creata
769 2125 867 2186 est,
895 2138 1048 2171 mens
1074 2119 1355 2172 rationalis
1383 2127 1435 2172 et
1467 2119 1852 2172 intellectualis
1880 2125 2044 2171 castae
2072 2114 2310 2168 civitatis

205 2220 304 2264 Gal.
321 2224 362 2270 4,
409 2215 535 2273 tuae,
560 2210 761 2260 matris
787 2214 981 2260 nostroe
1006 2224 1122 2278 quae
1146 2225 1364 2259 sursum
1392 2215 1490 2272 est,
1517 2214 1571 2260 et
1604 2207 1778 2259 libera
1814 2212 1913 2271 est,
1940 2212 1994 2258 et
2018 2211 2222 2256 ceterna
2248 2204 2310 2254 in

204 2279 276 2386 ἐξ·
301 2346 377 2385 148
409 2298 582 2354 coelis;
630 2294 852 2366 (quibus
878 2294 1054 2359 coelis,
1081 2293 1188 2346 nisi
1216 2294 1313 2364 qui
1341 2301 1392 2346 te
1421 2294 1660 2346 laudant
1693 2296 1814 2346 coeli
1846 2295 2099 2346 coelorum
2118 2313 2137 2350 ,·
2183 2290 2313 2361 quia

206 2402 248 2442 4.
383 2375 516 2437 'hoc
555 2391 637 2436 est
673 2391 726 2436 et
761 2384 963 2436 coelum
1001 2382 1126 2435 coeli
1165 2380 1460 2450 Domino?)
1492 2382 1594 2434 etsi
1620 2401 1732 2434 non
1759 2381 2067 2434 invenimus
2096 2386 2312 2448 tempus

412 2479 538 2525 ante
574 2471 743 2534 illam,
781 2468 910 2540 quia
948 2476 1003 2522 et
1041 2476 1340 2522 creaturam
1378 2469 1638 2538 temporis
1678 2469 1969 2534 antecedit,
2005 2487 2128 2538 quae
2167 2466 2314 2535 prior

413 2560 658 2613 omnium
705 2565 888 2612 creata
931 2566 1015 2612 est
1033 2578 1046 2623 3
1095 2564 1219 2610 ante
1265 2558 1416 2610 illam
1460 2566 1644 2611 tamen
1689 2565 1772 2611 est
1813 2558 1988 2628 ipsius
2036 2555 2312 2611 Creatoris

414 2647 706 2711 aeternitaS,
734 2665 765 2699 a
805 2663 914 2716 quo
954 2644 1099 2698 facta
1138 2645 1371 2715 sumpsit
1410 2644 1715 2709 exordium,
1745 2642 2014 2715 (quamvis
2041 2661 2153 2695 non
2179 2648 2341 2694 tem--

412 2736 563 2807 poris
608 2730 907 2806 quoniam*
947 2731 1193 2785 nondum
1238 2738 1354 2785 erat
1390 2734 1643 2802 tempus,)
1685 2731 1860 2802 ipsius
1899 2738 2080 2784 tamen
2126 2727 2343 2782 condi-·

412 2824 578 2877 tionis
605 2841 734 2875 suae.

490 2914 578 2961 21.
622 2908 786 2962 Unde
812 2908 891 2959 ita
917 2914 1000 2959 est
1027 2909 1126 2960 abs
1152 2913 1206 2959 te
1234 2907 1356 2959 Deo
1383 2912 1587 2971 1105110,
1608 2915 1669 2958 ut
1694 2904 1843 2958 aliud
1871 2904 1941 2957 sit
1965 2904 2128 2973 plane
2149 2921 2315 2974 quam
2336 2927 2343 2934 ⁷

416 3004 494 3061 tu,
535 3002 590 3048 et
627 3013 740 3047 non
779 2993 1022 3063 idipsum
1040 2997 1068 3044 ¹.
1149 2991 1423 3052 Quoniam
1463 2992 1565 3044 etsi
1603 3009 1715 3043 non
1756 2990 1931 3042 solum
1974 2995 2098 3042 ante
2141 2989 2315 3051 illum,

419 3083 516 3138 sed
542 3101 643 3135 nec
670 3082 726 3133 in
754 3081 849 3134 illa
876 3079 1185 3131 invenimus
1212 3085 1447 3148 temPUS‚
1468 3077 1600 3148 quia
1625 3084 1707 3129 est
1732 3076 1931 3129 idonea
1950 3076 2146 3130 faciem
2168 3082 2316 3129 tuam

474 3256 495 3277 ⁰
527 3251 748 3291 Fatendum
772 3256 832 3290 est
858 3249 965 3290 enim
993 3255 1033 3289 et
1063 3247 1239 3302 Angelos
1269 3260 1339 3287 na·
1397 3245 1685 3286 habitationem
1715 3260 1829 3287 suam
1856 3247 1986 3294 Deus,
2007 3252 2053 3286 ut
2071 3245 2131 3286 illi
2157 3259 2206 3286 ex
2232 3243 2317 3300 ipso

418 3315 507 3347 tura
541 3319 625 3347 esse
659 3306 887 3353 mutabiles,
922 3305 955 3345 si
993 3304 1101 3345 solus
1137 3304 1250 3344 Deus
1282 3309 1342 3342 est
1397 3301 1575 3342 habeant
1594 3302 1673 3343 tale
1693 3303 1862 3351 bonum,
1885 3316 1965 3353 quo
1993 3301 2099 3342 beati
2118 3314 2204 3342 esse
2226 3313 2316 3355 pos-

418 3361 769 3402 incommutabilis.
829 3361 907 3401 Sed
936 3374 986 3400 ea
1017 3359 1222 3400 voluntate
1261 3371 1342 3411 qua
1397 3357 1488 3406 sint,
1509 3371 1589 3397 non
1618 3371 1669 3398 ex
1701 3358 1758 3398 eis
1788 3357 1857 3398 ille
1885 3358 2005 3398 talem
2032 3358 2213 3406 domum,
2233 3355 2319 3396 sine

420 3417 547 3468 magis
578 3418 713 3457 Deum
743 3430 865 3470 quam
895 3429 937 3456 se
965 3415 1149 3469 diligunt.
1172 3413 1275 3454 firmi
1304 3420 1343 3453 et
1398 3426 1479 3467 qua
1518 3413 1662 3453 beatus
1698 3427 1783 3453 esse
1821 3427 1902 3454 non
1941 3412 2075 3468 possit.
2131 3411 2239 3466 Aug.
2278 3423 2318 3450 c.

418 3473 579 3513 stabiles
595 3480 760 3512 manent
775 3472 816 3512 in
836 3471 920 3516 illo,
941 3478 981 3511 et
999 3470 1186 3511 fruuntur
1200 3468 1346 3523 majes·
1401 3468 1509 3509 Adv.
1528 3469 1629 3520 Leg.
1647 3476 1688 3509 et
1709 3468 1860 3522 Proph.
1881 3469 1911 3508 l.
1932 3468 1959 3508 i.
1980 3481 2019 3508 c.
2040 3469 2081 3507 2.

418 3535 500 3569 tate
537 3527 675 3582 ipsius,
705 3527 741 3567 ei
775 3526 845 3567 uni
883 3525 1139 3567 libentissime
1179 3524 1353 3566 subditi.
1457 3528 1478 3560 <l
1508 3523 1575 3565 Cf.
1600 3523 1643 3563 in
1673 3523 1769 3565 Joh.
1789 3525 1824 3563 T
1829 3531 1927 3564 raet.
1954 3523 2036 3563 xiv,
2056 3524 2091 3575 §.
2121 3524 2164 3562 2.
2194 3533 2318 3562 xxxv.

419 3589 528 3636 Aug.
544 3584 594 3623 de
612 3595 707 3623 vera
726 3582 839 3636 relig.
860 3595 898 3622 c.
922 3583 987 3622 13.
1400 3580 1434 3632 §·
1454 3580 1498 3619 3.
1518 3591 1556 3619 c.
1578 3580 1655 3633 Ep.
1678 3579 1934 3620 Parmenian.
1953 3578 1983 3618 l.
2005 3578 2048 3618 ii.
2068 3591 2105 3618 c.
2129 3578 2192 3617 14.

475 3644 496 3675 Ρ
526 3638 697 3691 Templo
718 3645 851 3678 autem
868 3637 1076 3689 suo‚quod
1096 3641 1190 3677 sunt
1208 3647 1345 3675 omnes
1457 3640 1473 3663 ¹
1505 3635 1556 3674 C.
1578 3634 1842 3684 Manichaeos‚
1859 3634 2038 3690 vid.sup.
2060 3634 2091 3674 l.
2108 3632 2163 3678 iv.
2184 3646 2226 3673 11.
2245 3630 2312 3671 26.

419 3694 547 3735 sancti
561 3701 600 3734 et
616 3693 764 3748 Angeli
782 3701 821 3734 et
841 3692 1036 3740 homines,
1053 3692 1109 3733 sie
1124 3690 1347 3746 impertitur
1403 3705 1443 3732 n.
1465 3690 1491 3732 f.
1515 3703 1553 3744 p.
1581 3691 1649 3731 59.
