2378 4134
107 2087 231 2127 Rom.
253 2088 292 2134 8,

313 215 384 264 24
794 212 850 265 S.
890 211 1332 265 AUGUSTINI
1371 209 1730 276 EPISCOPI

311 344 489 397 timeri
525 344 666 396 vult:
717 345 843 415 quis
882 351 1065 398 autem
1103 343 1398 408 timenduS‚
1435 344 1545 397 nisi
1583 361 1726 397 unus
1766 343 1956 398 Deus?
2035 343 2210 416 Cujus

310 431 571 501 potestati
611 430 750 500 eripi
794 439 889 484 aut
929 431 1175 484 subtrahi
1223 429 1357 501 quid
1400 429 1614 500 potest?
1673 430 1913 501 quandO,
1960 438 2054 484 aut
2093 431 2210 494 ubi,

311 525 406 571 aut
455 536 585 588 qu0‚
637 518 724 570 vel
774 536 808 571 a
860 515 1037 588 quo'?
1117 518 1195 570 Et
1242 516 1526 570 blanditiae
1575 517 1979 571 lascivientium
2041 518 2210 572 amari

309 605 525 657 volunt:
583 603 681 656 sed
718 622 899 674 neque
935 603 1196 656 blandius
1242 610 1326 656 est
1374 602 1586 674 aliquid
1636 610 1732 658 tua
1783 605 2066 670 charitate,
2106 622 2209 656 nec

310 698 522 745 amatur
560 690 863 762 quidquam
903 690 1196 757 salubriUS,
1233 708 1399 761 quam
1435 690 1535 743 illa
1569 709 1683 761 prae
1723 692 1938 745 cunctis
1975 691 2213 744 formosa

311 786 366 831 et
388 777 662 831 luminosa
698 778 898 831 veritas
933 785 1041 830 tua.
1118 778 1196 829 Et
1234 777 1522 830 curiositas
1553 779 1808 832 affectare
1842 778 2058 832 videtur
2098 785 2211 831 stu-

311 863 464 917 dium
515 864 786 928 scientiae3
845 882 970 917 cum
1009 870 1070 915 tu
1109 863 1294 916 omnia
1333 881 1542 917 summe
1578 863 1814 917 noveris,
1893 865 2213 933 Ignorantia

311 970 533 1022 quoque
581 951 705 1020 ipsa
741 956 907 1020 atque
960 949 1208 1014 stultitia,
1248 950 1620 1020 simplicitatis
1657 958 1713 1003 et
1749 951 2078 1005 innocentiae
2112 970 2212 1005 no-

308 1039 456 1091 mine
500 1037 727 1106 tegitur-3
785 1037 918 1108 quia
960 1044 1014 1089 te
1058 1036 1364 1106 simplicius
1412 1036 1717 1108 quidquam
1765 1056 1878 1090 non
1928 1038 2210 1108 reperitur.

310 1125 461 1186 Quid
495 1132 548 1177 te
585 1131 768 1177 autem
802 1123 1171 1190 innocentiuS,
1200 1123 1649 1194 quandoquidem
1682 1142 1848 1194 opera
1883 1123 2015 1179 sua*
2051 1125 2214 1178 malis

306 1211 532 1264 inimica
558 1209 745 1264 sunte?
825 1212 903 1263 Et
930 1210 1155 1278 ignavia
1185 1210 1344 1280 quasi
1378 1211 1619 1281 quietem
1653 1211 1891 1281 appetit:
1934 1230 2058 1282 quae
2085 1229 2212 1264 vero

310 1299 467 1370 quies
516 1306 665 1352 certa
701 1306 899 1369 praeter
948 1297 1286 1351 Dominum?
1390 1299 1641 1352 Luxuria
1692 1299 1997 1352 satietatem
2047 1305 2212 1369 atque

309 1386 702 1440 abundantiam
731 1405 788 1439 se
815 1385 971 1455 cupit
996 1385 1205 1438 vocari:
1247 1393 1308 1439 tu
1344 1392 1526 1439 autem
1562 1405 1620 1439 es
1651 1385 1939 1457 plenitudo
1970 1393 2026 1438 et
2057 1385 2212 1437 inde-

310 1474 503 1527 ficiens
543 1474 705 1542 copia
742 1473 1177 1542 incorruptibilis
1231 1474 1532 1526 suavitatis,
1611 1473 1829 1526 Effusio
1867 1472 2215 1525 liberalitatis

309 1559 558 1613 obtendit
594 1562 868 1613 umbram:
927 1559 1024 1612 sed
1061 1561 1331 1612 bonomm
1372 1559 1615 1612 omnium
1653 1560 1877 1628 largitor
1913 1559 2213 1612 affluentis-

310 1648 479 1700 simus
515 1655 576 1701 tu
613 1666 687 1700 es,
766 1646 1011 1699 Avaritia
1045 1647 1219 1699 multa
1255 1646 1537 1716 possidere
1574 1649 1692 1699 vult
1704 1667 1718 1711 3
1770 1654 1825 1699 et
1861 1654 1922 1699 tu
1961 1645 2213 1716 possides

311 1735 510 1787 omnia.
614 1733 927 1786 Invidentia
980 1732 1047 1786 de
1102 1734 1433 1787 excellentia
1484 1734 1691 1802 litigat:
1753 1733 1889 1804 quid
1932 1740 1985 1786 te
2028 1733 2212 1786 excel-

309 1818 542 1873 lentius?
637 1821 727 1873 Ira
764 1819 1065 1872 vindictam
1119 1820 1336 1889 quaerit:
1403 1827 1457 1872 te
1499 1819 1705 1890 justius
1759 1820 1884 1891 quis
1935 1817 2211 1871 vindicat?

311 1909 502 1960 Timor
537 1908 759 1960 insolita
798 1914 853 1959 et
888 1905 1175 1976 repentina
1214 1907 1572 1973 exhorrescit,
1608 1909 1771 1960 rebus
1807 1926 1930 1977 quae
1966 1912 2216 1959 amantur

311 1995 671 2059 adversantia,
711 1994 841 2046 dum
878 2001 1153 2064 praecavet
1189 1994 1493 2046 securitati:
1544 1995 1645 2047 tibi
1677 1995 1823 2047 enim
1854 1993 1990 2064 quid
2023 1992 2212 2045 insoli-

310 2080 455 2135 tum?
511 2081 645 2152 quid
681 2079 1060 2150 repentinum?
1113 2087 1207 2132 aut
1242 2081 1365 2150 quis
1397 2099 1430 2133 a
1464 2089 1516 2133 te
1551 2088 1767 2150 separat
1799 2080 1949 2151 quod
1989 2078 2210 2147 diligis?

311 2177 406 2221 aut
429 2169 543 2234 ubi,
568 2168 677 2220 nisi
704 2166 854 2237 apud
878 2174 950 2231 te,
979 2166 1136 2219 firma
1163 2165 1456 2220 securitas?
1536 2167 1785 2220 Tristitia
1809 2169 1972 2219 rebus
1999 2165 2214 2219 amissis

313 2255 671 2319 contabescit,
716 2254 917 2324 quibus
961 2272 1018 2305 se
1061 2254 1376 2306 oblectabat
1426 2253 1727 2323 cupiditas3
1795 2253 1925 2324 quia
1976 2253 2056 2306 ita
2107 2253 2210 2305 sibi

312 2344 501 2407 nollet,
531 2342 673 2394 sicut
700 2341 800 2394 tibi
828 2340 1023 2393 auferri
1050 2339 1189 2391 nihil
1215 2346 1414 2409 potest.

392 2434 474 2482 14.
517 2431 605 2481 Ita
642 2428 939 2480 fornicatur
977 2426 1176 2491 anima,
1217 2445 1342 2479 cum
1381 2427 1639 2480 avertitur
1677 2429 1776 2480 abs
1815 2435 1887 2493 te,
1927 2437 1982 2481 et
2020 2428 2216 2499 quaerit

312 2525 468 2570 extra
502 2523 555 2569 te
596 2535 677 2581 ea,
716 2534 839 2586 quae
873 2533 1012 2584 pura
1045 2520 1099 2566 et
1127 2513 1342 2584 liquida
1370 2533 1482 2567 non
1515 2515 1743 2580 invenit,
1768 2515 1877 2567 nisi
1908 2534 2034 2569 cum
2063 2514 2207 2568 redit

313 2604 382 2657 ad
409 2612 477 2656 te.
556 2604 815 2656 Perverse
842 2609 895 2655 te
922 2601 1204 2654 imitantur
1230 2620 1420 2655 omnes
1447 2603 1542 2673 qui
1566 2604 1732 2671 longe
1760 2621 1817 2655 se
1845 2623 1877 2656 a
1903 2611 1955 2656 te
1981 2603 2210 2667 faciunt,

313 2698 368 2743 et
418 2691 692 2743 extollunt
744 2708 801 2742 se
841 2688 1127 2742 adversum
1176 2694 1231 2740 te
1243 2685 1270 2741 s.
1359 2689 1469 2742 Sed
1516 2690 1682 2743 etiam
1728 2690 1806 2742 sic
1850 2698 1901 2743 te
1947 2689 2215 2742 imitando

311 2776 561 2829 indicant
601 2783 896 2829 creatorem
934 2782 987 2827 te
1028 2793 1146 2827 esse
1187 2775 1364 2828 omnis
1401 2783 1635 2841 naturae,
1685 2783 1740 2828 et
1777 2776 1902 2829 ideo
1941 2795 2054 2828 non
2093 2793 2213 2828 esse

314 2881 425 2933 quo
463 2882 495 2915 a
530 2870 583 2914 te
619 2862 934 2914 omnimodo
968 2860 1267 2913 recedatur.
1347 2861 1497 2922 Quid
1531 2880 1661 2929 ergo
1698 2862 1757 2913 in
1794 2862 1891 2914 illo
1926 2862 2068 2914 fiirto
2109 2880 2213 2929 ego

314 2950 523 3003 dilexi?
566 2957 621 3003 et
651 2951 709 3002 in
738 2968 847 3020 quo
875 2949 1177 3001 Dominum
1210 2969 1392 3002 meum
1418 2952 1504 3002 vel
1530 2951 1725 3003 vitiose
1762 2957 1926 3020 atque
1961 2969 2213 3020 perverse

314 3038 557 3091 imitatus
590 3035 741 3089 sum?
822 3038 910 3087 An
940 3035 1104 3087 libuit
1134 3035 1311 3089 facere
1340 3043 1530 3090 contra
1553 3038 1733 3105 legem
1760 3038 1951 3089 saltem
1977 3036 2213 3104 fallacia,

318 3125 449 3195 quia
483 3130 771 3194 potentatu
805 3140 917 3174 non
951 3128 1213 3191 poteram,
1240 3128 1302 3175 ut
1336 3141 1588 3177 mancam
1621 3123 1928 3176 libertatem
1963 3123 2213 3193 captivus

370 3316 390 3338 θ
425 3312 519 3352 Post
532 3311 639 3352 hanc
652 3317 786 3352 autem
803 3311 1135 3366 dispensationem
1148 3310 1235 3364 jus·
1292 3310 1370 3351 sint
1394 3309 1654 3352 instrumenta
1673 3309 1848 3351 Domino
1873 3309 2066 3366 punienti.
2102 3309 2212 3365 Aug.

316 3373 401 3407 tum
431 3365 562 3407 veniet
585 3366 814 3421 judicium3
845 3368 895 3406 de
928 3379 1010 3420 quo
1042 3366 1097 3405 ita
1125 3365 1235 3412 dicit,
1292 3365 1332 3405 in
1356 3367 1421 3406 ΡΒ.
1441 3366 1481 3414 7,
1499 3367 1564 3407 15.

316 3429 362 3461 ut
379 3422 649 3475 intelligamus
677 3422 893 3476 unicuique
912 3421 1064 3461 homini
1079 3420 1236 3475 suppli·
1346 3416 1365 3448 f
1394 3421 1503 3461 Nam
1523 3427 1564 3462 et
1581 3420 1727 3462 animae
1748 3421 1789 3461 in
1814 3420 1907 3475 ipsis
1931 3419 2106 3475 peccatis
2132 3419 2214 3461 suis

317 3476 424 3517 cium
445 3477 530 3517 fieri
557 3477 607 3517 de
627 3484 793 3531 peccato
821 3490 908 3524 suo,
929 3484 970 3517 et
987 3475 1073 3530 ejus
1091 3476 1235 3530 iniqui·
1291 3475 1447 3516 nonnisi
1466 3477 1683 3530 quamdam
1713 3475 2008 3516 similitudinem
2031 3474 2126 3522 Dei,
2144 3489 2211 3516 su·

316 3538 437 3572 tatem
467 3534 508 3571 in
537 3545 699 3586 poenam
731 3531 932 3580 converti3
969 3545 1019 3572 ne
1050 3538 1236 3586 putemus
1291 3531 1419 3585 perbfi
1435 3538 1476 3572 et
1494 3531 1799 3586 praepostera,et
1814 3539 1857 3571 ut
1870 3531 1924 3571 ita
1939 3531 2070 3571 dicam
2084 3529 2214 3570 servili

318 3585 430 3626 illam
451 3587 776 3642 tranquillitatem
804 3594 844 3628 et
871 3587 1073 3628 ineffabile
1100 3587 1238 3627 lumen
1294 3585 1475 3627 libertate
1502 3593 1718 3627 sectantur.
1769 3586 1876 3640 Aug.
1900 3587 1951 3626 de
1970 3585 2083 3625 Trin.
2101 3585 2134 3625 1.
2153 3584 2210 3626 xi.

321 3640 403 3680 Dei
426 3642 476 3680 de
502 3655 544 3681 se
563 3641 736 3696 proferre
754 3642 860 3684 unde
881 3648 1048 3697 peccata
1067 3642 1238 3696 punian-
1294 3654 1331 3682 c.
1356 3644 1398 3682 5.
1457 3642 1597 3696 Ipsum
1626 3641 1744 3682 etiam
1768 3642 1902 3682 Deum
1928 3641 2087 3681 Patrem
2115 3652 2209 3701 pec·

321 3702 399 3740 tur.
412 3696 480 3735 sed
499 3695 587 3750 ipsa
604 3704 773 3751 peccata
791 3697 847 3738 sic
866 3697 1061 3744 ordinare,
1082 3705 1127 3737 ut
1145 3710 1237 3751 quae
1293 3702 1430 3737 cantes
1447 3695 1651 3737 imitantur
1670 3696 1795 3751 impia
1814 3695 2016 3750 superbia,
2027 3693 2126 3749 justi
2146 3693 2210 3748 pia

321 3749 482 3791 suerunt
520 3751 813 3794 delectamenta
859 3752 1010 3794 homini
1053 3754 1238 3807 peccanti
1292 3751 1532 3795 liberalitate
1551 3764 1587 3793 c.
1604 3750 1824 3795 Secundin.
1842 3750 2027 3793 Manich.
2052 3762 2092 3791 c.
2107 3749 2172 3790 10.
