2378 4134
196 437 282 492 Ina,
302 444 372 494 58,

199 500 238 541 7.
263 501 305 542 8.

199 617 308 662 Phil.
326 621 367 668 2,

198 675 266 718 15.

203 1402 324 1444 Rom.

197 1460 262 1503 13,
289 1460 327 1500 1.

407 216 516 264 262
884 217 940 272 S.
982 219 1426 274 AUGUSTINI
1465 221 1823 278 EPISCOPI

404 346 790 414 despiciamus.
855 351 1110 413 Quibus'
1096 371 1155 405 111
1174 358 1315 408 terra
1337 353 1482 408 natis
1499 355 1786 421 fructibUS,
1804 356 1928 409 vide
1946 357 2080 427 quia
2100 354 2293 414 bonum

403 438 514 492 aet,-
563 440 618 487 et
652 445 913 506 erumpat
949 431 1304 510 temporanea
1337 441 1442 494 lux
1477 449 1686 508 nostra,
1719 447 1774 495 et
1811 440 1880 495 de
1917 443 2025 497 ista
2059 443 2331 500 inferiori’

401 519 566 589 fruge
593 522 828 578 actionis
861 525 920 578 in
954 525 1183 580 delicias
1217 529 1699 599 contemplationis
1724 530 1951 582 verbum
1975 529 2102 582 vitae
2139 547 2296 602 supe·
2312 556 2327 579 .·
2373 567 2378 579 .

401 606 516 661 rius
572 608 900 677 obtinentes,
953 630 1315 682 appareamus
1375 615 1522 667 sicut
1583 617 1893 669 luminaria
1954 618 2016 669 in
2077 618 2299 684 mundo,
2308 640 2335 652 ⁴
2373 623 2378 644 ³

2371 422 2378 484 ξ

2371 485 2378 561 l

2374 592 2378 622 i

2373 649 2378 704 i

403 694 743 750 cohaerentes
762 699 846 766 fir
848 706 1135 752 mamento
1167 700 1463 771 Scripturae
1497 707 1624 755 tuae.
1700 703 1792 755 Ibi
1827 703 1974 755 enim
2011 704 2335 759 nobiscum
2373 739 2378 770 ᾗ

403 782 672 854 disputaS,
711 791 774 838 ut
810 786 1127 839 dividamus
1163 787 1306 840 inter
1342 787 1714 858 intelligibilia
1752 795 1808 842 et
1845 790 2143 856 sensibilia,
2181 791 2298 844 tan-

404 890 571 942 quam
604 872 754 924 inter
787 872 932 925 diem
969 880 1025 926 et
1057 881 1290 939 noctem,
1315 876 1404 928 vel
1442 875 1584 928 inter
1614 876 1841 942 animaS,
1870 877 2005 930 alias
2042 878 2299 946 intelligi-

400 958 626 1022 bilibus,
658 958 795 1010 alias
842 959 1195 1013 sensibilibus
1242 960 1486 1027 deditas;
1532 969 1595 1015 ut
1629 961 1747 1033 jam
1789 982 1903 1015 non
1946 971 2008 1016 tu
2052 964 2200 1017 solus
2241 964 2298 1017 in
2375 976 2378 979 “

401 1042 590 1097 abdito
617 1043 1028 1115 dijudicationis
1053 1053 1182 1112 tuae,
1210 1048 1355 1102 sicut
1381 1059 1675 1120 antequam
1705 1049 1857 1102 fieret
1882 1050 2300 1117 firmamentum,

401 1131 621 1183 dividas
651 1133 802 1184 inter
832 1134 1007 1186 lucem
1045 1141 1099 1187 et
1136 1135 1405 1202 tenebraS,
1433 1136 1531 1189 sed
1570 1137 1735 1190 etiam
1774 1138 2085 1207 spirituales
2123 1139 2205 1191 tui
2240 1139 2299 1192 in
2374 1132 2376 1134 ¹

401 1217 593 1270 eodem
615 1218 955 1272 firmamento
975 1222 1142 1291 positi
1164 1229 1329 1294 atque
1352 1223 1616 1288 distincti,
1631 1224 1977 1278 manifestata
1999 1243 2099 1295 per
2116 1227 2300 1279 orbem

402 1306 576 1374 gratia
614 1313 709 1359 tua
747 1308 971 1361 iaceant
1009 1328 1175 1377 snper
1215 1318 1444 1377 terram,
1482 1318 1538 1364 et
1582 1312 1839 1364 dividant
1876 1314 2026 1364 inter
2063 1313 2209 1365 diem
2247 1320 2300 1366 et
2339 1327 2341 1331 ⁴

397 1401 630 1460 noctem,
647 1402 700 1447 et
716 1396 1034 1464 siqnificent
1052 1404 1325 1466 tempora:
1354 1398 1485 1469 quia
1497 1407 1683 1452 vetera
1700 1401 2064 1464 transierunt,
2079 1406 2130 1452 et
2142 1397 2166 1422 ³*
2182 1418 2303 1453 ecce

194 1517 221 1555 2
243 1514 335 1554 Cor
381 1482 553 1552 facta
579 1489 711 1534 sant
737 1501 905 1541 nova;
951 1489 1005 1536 et
1039 1502 1174 1554 qma
1199 1487 1433 1552 propior
1459 1493 1539 1538 est
1572 1492 1761 1538 nostra
1786 1487 1955 1553 saZuS,
1982 1504 2148 1557 quam
2175 1505 2298 1540 cum

194 1571 325 1619 5,17.

399 1586 460 1620 cr
462 1568 767 1627 edidimicae
813 1575 866 1620 et
895 1569 1026 1639 quia
1059 1588 1173 1623 noa·
1189 1573 1495 1638 praecessit,
1522 1572 1639 1624 dies
1673 1579 1861 1625 autem
1889 1576 2300 1644 appropinqua-

197 1672 340 1721 Ps.64‚
344 1674 383 1713 2.
398 1657 479 1708 vit
489 1678 506 1714 ;
548 1662 602 1708 et
630 1656 761 1726 quia
784 1655 1058 1709 benedicis
1083 1676 1339 1710 coronam
1366 1661 1506 1711 anni
1533 1659 1630 1726 tui,
1657 1661 1884 1712 mittens
1908 1658 2301 1729 beniynitatis*

192 1738 303 1777 Mat.
324 1737 365 1783 9,

193 1794 263 1833 38.

195 1858 291 1897 Joh.
315 1859 356 1904 4,

191 1915 261 1954 38.

193 1978 302 2019 Mat.
320 1978 385 2027 13,

194 2036 264 2075 39.

195 2101 361 2142 Ps.101

196 2157 268 2196 28.

200 2287 220 2324 1
246 2285 344 2326 Cor.

198 2341 266 2389 12,

198 2396 351 2437 7-11,

373 2132 383 2149 ‚
402 2096 825 2147 transeuntibus.

398 1746 677 1812 operarios
702 1746 762 1796 in
782 1763 1004 1798 messem
1025 1752 1195 1811 tuam,
1212 1747 1270 1799 in
1291 1766 1401 1818 qua
1427 1749 1747 1803 seminanda
1770 1751 1876 1802 alii
1898 1749 2051 1802 labor
2052 1756 2302 1815 averunt

399 1833 626 1884 mittens
652 1832 816 1885 etiam
844 1833 903 1884 in
929 1833 1091 1886 aliam
1121 1840 1418 1887 sementem
1424 1834 1613 1906 ,cujus
1632 1838 1820 1888 messis
1844 1839 1904 1888 in
1913 1837 2045 1904 fine
2070 1843 2165 1889 est.
2217 1837 2304 1890 Ita.

402 1918 501 1971 das
521 1926 648 1971 vota
666 1918 934 1989 optanti*‚
952 1926 1006 1972 et
1023 1920 1307 1975 benedicis
1328 1940 1502 1975 annos
1520 1923 1684 1995 justi,
1715 1931 1776 1977 tic
1802 1932 1990 1976 antem
2018 1925 2162 1977 idem
2188 1926 2304 1992 ipse

400 2025 473 2073 eS,
499 2014 554 2059 et
578 2006 636 2058 in
662 2009 829 2059 annis
855 2010 967 2060 tuis
994 2008 1089 2078 qui
1113 2027 1222 2060 non
1248 2009 1537 2077 deficiunt,
1563 2011 1816 2062 horreum
1842 2029 2120 2082 praeparas
2148 2011 2306 2064 annis

901 2096 1128 2147 AEterno
1162 2096 1370 2166 quippe
1407 2096 1656 2163 consiliO,
1682 2098 1921 2167 propriis
1959 2098 2300 2168 temporibus

400 2183 551 2234 bona
578 2180 824 2233 coelestia
852 2180 950 2233 das
976 2199 1139 2250 super
1164 2188 1375 2234 terram.

478 2272 564 2322 23.
596 2269 871 2329 Quoniam
898 2270 1121 2339 quidem
1142 2271 1247 2321 alii
1275 2269 1448 2322 datur
1463 2288 1571 2338 per
1593 2272 1870 2338 Spiritum
1890 2290 2063 2324 sermo
2083 2274 2304 2340 sapien-

405 2359 494 2410 tice
507 2365 543 2422 Β,
561 2364 823 2427 tanquam
844 2358 1124 2409 luminare
1143 2357 1345 2427 majm,
1362 2364 1587 2427 propter
1607 2376 1701 2410 eos
1724 2359 1820 2429 qui
1839 2360 2146 2429 perspicua}
2166 2360 2304 2412 veri-

404 2444 531 2498 tatis
560 2444 684 2497 luce
720 2442 1075 2507 delectantur,
1104 2451 1364 2513 tanquam
1397 2444 1456 2496 in
1489 2445 1763 2515 principio
1799 2445 1940 2510 diei3
1986 2448 2092 2499 alii
2116 2454 2303 2500 autem

403 2550 579 2584 sermo
593 2532 836 2583 scientia·
849 2531 1151 2583 secandam
1168 2531 1419 2584 eumdem
1441 2532 1738 2599 Spiritum,
1750 2539 2014 2603 tanquam
2030 2535 2306 2587 luminare

405 2620 593 2671 minus
603 2640 621 2676 ;
653 2619 757 2670 alii
764 2618 940 2686 fides,
955 2619 1060 2670 alii
1080 2618 1305 2670 donatio
1325 2620 1699 2685 curationum,
1715 2621 1821 2672 alii
1839 2622 2181 2688 operationes
2198 2623 2304 2673 vir·

462 2773 483 2805 g
517 2767 655 2808 Distat
692 2774 829 2808 tamen
868 2768 919 2807 ab
958 2773 1193 2807 aeternorum
1233 2779 1328 2807 con-

408 2823 669 2877 templatione
685 2823 791 2863 actio
810 2836 892 2876 qua
922 2823 1023 2863 bene
1054 2822 1199 2862 utimur
1228 2829 1328 2862 tem—

409 2879 615 2932 poralibus
645 2879 778 2927 rebus,
812 2886 854 2919 et
883 2878 955 2918 illa
988 2877 1210 2932 sapiendae,
1241 2877 1330 2917 haec

410 2934 583 2974 scientiae
618 2934 845 2987 deputatur.
908 2933 1104 2981 Quamvis
1141 2933 1248 2972 enim
1289 2939 1330 2972 et

410 2989 479 3028 illa
500 3002 589 3041 quae
609 2989 804 3043 sapientia
824 2995 895 3034 est,
910 2988 1031 3041 possit
1046 2988 1210 3028 scientia
1226 3001 1327 3027 nun-

1385 2771 1525 2806 sancto
1553 2767 1635 2807 viro
1669 2767 1915 2820 loquentes
1923 2768 2060 2809 ‘Ecce
2088 2767 2216 2831 pietas
2249 2773 2308 2808 est

1386 2821 1598 2895 sapientia,
1637 2822 1831 2864 abstinere
1872 2829 2005 2863 autem
2044 2837 2069 2863 a
2099 2823 2213 2864 malis
2247 2833 2308 2864 est

1387 2877 1565 2917 scientia.
1571 2878 1596 2896 ''
1652 2878 1704 2918 In
1731 2878 1809 2919 hac
1836 2878 2059 2919 differentia
2078 2878 2306 2933 intelligen-

1383 2933 1480 2972 dum
1498 2939 1571 2979 est,
1585 2932 1638 2972 ad
1654 2933 2031 2987 contemplationem
2047 2934 2301 2997 sapientiam,

1384 2989 1436 3028 ad
1456 2987 1656 3027 actionem
1679 2988 1884 3028 scientiam
1906 2988 2119 3042 pertinere.
2169 2989 2306 3030 Pieta-

410 3044 564 3098 eupari,
593 3044 697 3084 sicut
726 3050 767 3083 et
796 3043 1016 3097 Apostolus
1045 3043 1236 3095 loquitur,
1261 3043 1327 3083 ubi

412 3100 522 3146 dicit,
541 3107 570 3125 ·‘
590 3100 712 3139 Nunc
737 3098 820 3138 scio
850 3112 899 3139 ex
927 3106 1053 3151 parte,
1075 3106 1171 3137 tunc
1203 3104 1335 3138 autem

411 3168 650 3208 cognoscam
668 3155 768 3194 sicut
788 3160 828 3194 et
849 3153 1031 3206 cognitus
1049 3167 1163 3201 sum,
1153 3153 1193 3175 ·’'
1214 3165 1336 3206 quam

412 3211 538 3250 scient
542 3211 620 3250 iam
657 3210 834 3264 profecto
875 3208 1222 3263 contemplationis
1257 3208 1338 3248 Dei

414 3266 502 3306 vult
530 3266 712 3319 intelligi,
734 3266 841 3319 quod
869 3271 1100 3304 sanctorum
1130 3264 1202 3304 erit
1229 3277 1331 3326 prae-

413 3320 537 3361 mium
558 3334 783 3362 summum.
814 3327 951 3361 tamen
979 3320 1048 3359 ubi
1069 3319 1209 3368 dicits
1217 3318 1334 3358 ‘Alii

413 3377 574 3429 quidem
605 3378 724 3417 datur
752 3390 823 3430 per
849 3375 1040 3430 Spiritum
1071 3389 1199 3415 sermo
1227 3374 1332 3428 sapi-

411 3433 545 3480 entiae,
597 3432 666 3472 alii
710 3445 838 3472 sermo
885 3430 1059 3471 scientiae
1107 3432 1331 3472 secundum

412 3490 583 3529 eundem
608 3487 800 3543 Spiritum
818 3487 857 3537 ;'’
887 3487 975 3526 haec
995 3486 1131 3539 utique
1149 3487 1229 3526 duo
1248 3486 1332 3526 sine

413 3544 664 3583 dubitatione
681 3542 902 3596 distinguit,
916 3542 1012 3582 licet
1033 3555 1112 3582 non
1131 3541 1187 3582 ibi
1206 3541 1333 3595 expli-

415 3605 478 3638 cet
499 3600 597 3652 quid
617 3598 785 3644 intersit,
799 3605 839 3638 et
853 3599 961 3638 unde
978 3596 1102 3651 possit
1122 3604 1337 3649 utrumque

413 3654 609 3706 dignosci.
668 3655 822 3694 Verum
854 3652 1138 3707 scripturarum
1177 3658 1336 3692 sancta-

413 3721 502 3748 rum
521 3709 784 3763 multiplicem
815 3708 973 3763 copiam
997 3714 1208 3755 scrutatus,
1229 3707 1338 3747 inve-

415 3763 481 3805 nio
512 3765 701 3820 scriptum
737 3778 823 3806 esse
861 3764 903 3804 in
936 3764 1038 3805 libro
1071 3764 1168 3813 Job,
1197 3763 1338 3826 eodetn

1385 3049 1466 3082 tem
1486 3043 1634 3096 quippe
1654 3043 1731 3083 hoc
1759 3044 1849 3083 loco
1878 3043 2008 3096 posuit
2026 3043 2108 3084 Dei
2136 3044 2306 3093 cultum,

1393 3112 1484 3151 quae
1507 3099 1650 3139 Graece
1669 3098 1812 3138 dicitur
1835 3098 2051 3147 Θεοσέβιικ.
2101 3100 2211 3140 Nam
2230 3100 2308 3140 hoc

1393 3154 1560 3193 verbum
1582 3153 1707 3193 habet
1725 3153 1800 3194 ista
1818 3156 2013 3195 sententia
2037 3155 2078 3194 in
2105 3155 2308 3195 codicibus

1396 3208 1562 3249 Graecis.
1621 3210 1674 3248 Et
1703 3208 1799 3261 quid
1831 3218 1890 3249 est
1919 3209 1961 3249 in
1991 3210 2146 3250 aeternis
2175 3210 2307 3251 excel·

1388 3264 1534 3303 lentius
1554 3277 1675 3317 quarn
1700 3265 1828 3311 Deus,
1848 3264 1964 3319 cujus
1977 3266 2098 3306 solius
2118 3265 2308 3306 immuta·

1388 3319 1479 3359 bilis
1513 3326 1572 3359 est
1605 3323 1778 3361 natural
1839 3322 1894 3360 Et
1925 3321 2014 3373 quis
2047 3321 2179 3361 cultus
2206 3320 2307 3374 ejus,

1389 3374 1464 3415 nisi
1502 3388 1613 3415 amor
1642 3374 1745 3429 ejus,
1775 3389 1856 3429 quo
1893 3390 2002 3416 nunc
2040 3375 2309 3418 desideramus

1388 3444 1479 3471 eum
1494 3430 1644 3479 videre,
1659 3430 1937 3485 credimusque
1954 3438 1993 3473 et
2010 3444 2216 3494 speramus
2236 3443 2308 3471 nos

1387 3499 1476 3526 esse
1494 3486 1672 3536 visuros3
1701 3492 1741 3526 et
1760 3494 1955 3540 quantum
1976 3486 2234 3549 proficimus‘
2249 3486 2309 3526 vi·

1388 3542 1528 3581 demus
1549 3554 1655 3581 nunc
1682 3555 1752 3595 per
1778 3542 1987 3604 speculum
2016 3556 2057 3581 m
2082 3542 2307 3595 aenigmate,

1395 3602 1490 3637 tunc
1511 3603 1645 3636 autem
1666 3596 1706 3636 in
1725 3596 2072 3637 manifestatione.
2057 3596 2091 3626 ’θ’
2129 3597 2239 3650 Aug.
2257 3597 2308 3636 de

1393 3651 1506 3693 Trin.
1542 3652 1571 3691 l.
1604 3650 1677 3692 xii.
1703 3654 1739 3704 §.
1766 3654 1835 3692 22.
1863 3652 1959 3692 add.
1989 3653 2024 3704 §.
2052 3654 2122 3693 25.
2165 3652 2190 3691 l.
2218 3650 2308 3691 xiii.

1394 3708 1430 3759 §.
1457 3710 1492 3748 l.
1521 3708 1571 3748 de
1590 3706 1673 3747 div.
1693 3714 1837 3761 quaest.
1856 3708 1907 3749 ad
1927 3706 2106 3763 Simplic.
2122 3706 2147 3747 1.
2160 3705 2203 3746 ii.
2217 3707 2254 3760 §.
2266 3707 2308 3746 3.
2372 3690 2378 3719 ³

1392 3762 1492 3804 etin
1514 3764 1580 3805 ΡΞ.
1608 3764 1698 3804 135.
1725 3764 1760 3816 §.
1782 3764 1823 3804 8.
