2378 4134
405 173 516 224 222
881 172 937 224 S.
979 171 1422 226 AUGUSTINI
1464 172 1824 227 EPISCOPI

402 302 498 355 illa
522 303 800 372 praeterita
825 315 927 370 est,
954 311 1009 357 et
1033 323 1145 357 non
1173 312 1256 359 est
1284 304 1401 375 jam
1429 324 1557 359 vox.
1635 307 1842 360 Futura
1867 312 1982 360 erat
2006 313 2299 380 antequam·

404 396 642 456 sonaret,
668 399 722 444 et
745 409 857 444 non
884 399 1100 462 poterat
1125 392 1323 458 metiri,
1351 392 1482 463 quia
1506 392 1752 446 nondum
1779 398 1910 458 erat,
1937 400 1992 446 et
2014 411 2162 448 nune
2187 400 2302 452 nou
2348 380 2354 463 ’μ

402 483 604 546 potest,
639 478 771 548 quia
794 477 914 548 jam
952 497 1065 531 non
1098 486 1197 531 est.
1276 479 1437 533 Tunc
1476 497 1604 548 ergo
1642 486 1860 552 poterat
1893 498 2019 534 cum
2053 483 2302 550 sonabat,
2350 541 2354 545 ,

404 562 538 633 quia
561 570 693 619 ωηο
733 572 848 618 erat
888 583 1011 635 quae
1050 565 1230 618 metiri
1264 573 1467 635 posset.
1546 555 1659 621 'Sed
1689 576 1744 620 et
1777 573 1909 621 ωηο
1944 585 2059 620 ηοη
2095 569 2304 636 stabat;
2351 619 2353 627 Α

401 651 519 705 ibat
544 653 691 706 enim
718 660 772 706 et
795 654 1125 723 praeteribat.
1202 655 1291 706 An
1315 653 1442 707 ideo
1469 655 1646 723 magis
1671 654 1918 726 poterat?
1978 655 2302 712 Praeterieris
2351 667 2354 699 ἑ

402 738 548 791 enim
606 738 934 792 tendebatur
976 738 1035 790 in
1081 738 1309 809 aliquod
1360 739 1599 810 spatium
1648 741 1911 810 temporis
1964 760 2073 812 quo
2124 743 2298 797 metiri

397 832 604 895 posset,
651 825 911 895 quoniam
952 843 1197 895 praesens
1238 827 1454 879 nullum
1493 827 1664 880 habet
1714 828 1970 899 spatium.
2059 827 2122 882 ⁴Si
2173 847 2322 899 ergo·

396 919 529 966 ωηο
563 919 796 982 poterat,
822 930 952 966 eece
986 919 1140 983 puta,
1168 914 1339 967 altera
1374 914 1546 984 coepit
1580 933 1791 980 sonare,
1819 923 1873 968 et
1906 915 2086 969 adhuc
2127 926 2299 984 sonat,

327 1045 330 1049 .
398 999 718 1052 continuato
754 997 976 1052 tenore·
1008 1000 1126 1053 sine
1152 1001 1267 1053 ulla
1294 1000 1669 1055 distinctione:
1711 1002 2000 1055 metiamur
2023 1021 2144 1056 eam
2172 1002 2300 1057 dum

399 1094 584 1151 sonat3
626 1105 751 1140 eum
778 1087 925 1139 enim
953 1105 1147 1140 sonare
1174 1088 1484 1154 cessaverit,
1503 1087 1622 1159 jam
1656 1089 1933 1158 praeterita
1959 1089 2076 1154 erit,
2105 1097 2159 1142 et
2188 1108 2298 1145 non

397 1175 500 1229 erit
537 1194 662 1246 quae
697 1175 876 1246 possit
911 1176 1119 1241 metiri3
1175 1177 1465 1230 metiamur
1497 1178 1681 1248 plane,
1720 1185 1775 1231 et
1814 1177 2062 1231 dieamus
2098 1187 2300 1249 quanta

399 1263 486 1316 sit.
566 1262 677 1316 Sed
702 1263 885 1316 adhue
915 1270 1091 1328 sonat,
1118 1282 1220 1317 nec
1249 1266 1426 1318 metiri
1452 1271 1635 1335 potest
1661 1265 1770 1318 nisi
1797 1267 1865 1319 ab
1894 1265 2053 1319 initio
2081 1266 2162 1319 sui
2192 1286 2299 1337 quo

399 1369 591 1404 sonare
644 1351 833 1421 coepit,
872 1368 1048 1421 usque
1095 1351 1166 1405 ad
1210 1352 1376 1406 finem
1417 1370 1526 1422 quo
1566 1352 1783 1406 desinit.
1863 1355 2056 1423 Ipsum
2096 1355 2300 1424 quippe

397 1439 745 1491 intervallum
770 1439 1025 1491 metimur
1051 1440 1120 1491 ab
1149 1440 1335 1509 aliquo
1361 1439 1519 1492 initio
1547 1457 1721 1510 usque
1748 1440 1816 1494 ad
1845 1441 2084 1510 aliquem
2119 1441 2298 1494 finem.

401 1526 750 1595 Quapropter
775 1544 887 1578 vox
915 1543 1037 1595 quae
1064 1525 1312 1579 nondum
1350 1527 1510 1579 finita
1545 1538 1642 1592 est,
1670 1528 1849 1581 metiri
1875 1546 1989 1579 non
2016 1535 2216 1598 potest,
2243 1536 2302 1582 ut

399 1612 614 1666 dicatur
639 1629 804 1681 quam
829 1613 998 1680 longa
1022 1614 1109 1666 vel
1134 1614 1315 1666 brevis
1344 1614 1439 1679 sit3
1478 1632 1580 1667 nec
1609 1614 1721 1668 dici
1747 1622 1841 1668 aut
1867 1615 2094 1685 aequalis
2120 1615 2301 1681 alicui,

401 1707 496 1752 aut
521 1700 592 1753 ad
617 1699 858 1769 aliquam
885 1700 1084 1771 simpla
1107 1701 1195 1754 vel
1222 1701 1409 1771 dupla,
1436 1703 1522 1755 vel
1551 1701 1686 1771 quid
1712 1701 1875 1755 aliud.
1956 1703 2097 1756 Cum
2124 1709 2303 1755 autem

401 1789 559 1843 finita
594 1789 771 1866 fuerit,
789 1787 908 1860 jam
941 1807 1053 1841 non
1087 1791 1206 1843 erit.
1288 1792 1411 1851 Quo
1448 1799 1612 1862 pacto
1651 1792 1818 1860 igitur
1854 1792 2033 1844 metiri
2069 1790 2298 1861 poterit?

401 1878 479 1929 Et
502 1876 760 1929 metimur
784 1883 967 1929 tamen
994 1883 1266 1947 tempora3
1307 1897 1409 1931 nee
1439 1898 1503 1932 ea
1527 1896 1650 1949 quae
1677 1878 1922 1932 nondum
1951 1885 2094 1945 sunt,
2113 1897 2213 1932 nec
2240 1897 2303 1932 ea

403 1980 527 2033 quae
558 1963 677 2034 jam
710 1982 822 2016 non
858 1971 1003 2031 sunt,
1029 1983 1131 2018 nee
1163 1983 1228 2018 ea
1259 1982 1382 2035 quae
1415 1968 1569 2018 nulla
1601 1985 1753 2019 mora
1788 1965 2175 2031 extenduntur,
2201 1983 2301 2019 nec

404 2070 470 2104 ea
494 2070 619 2123 quae
645 2051 908 2104 terminos
933 2071 1045 2104 non
1071 2052 1302 2106 habent:
1356 2073 1458 2107 nee
1492 2053 1674 2106 futura
1711 2072 1839 2122 ergo
1875 2071 1976 2106 nec
2015 2053 2303 2123 praeterita,

401 2158 504 2192 nec
530 2139 841 2209 praesentia,
861 2158 964 2193 nec
985 2141 1369 2210 praetereuntia
1393 2147 1641 2211 tempora
1666 2141 1944 2203 metimur3
1986 2150 2039 2194 et
2053 2141 2304 2193 metimur

402 2233 586 2280 tamen
614 2233 876 2296 tempora.

477 2317 563 2365 35.
607 2315 640 2340 ‘⁶
668 2314 824 2366 Deus
852 2321 1062 2367 creator
1088 2315 1333 2366 omnium
1346 2316 1391 2377 ;'’
1430 2333 1617 2368 versus
1651 2316 1754 2368 iste
1790 2323 1914 2369 octo
1952 2317 2302 2385 syllabarum,

401 2401 660 2453 brevibus
696 2409 751 2454 et
780 2401 963 2470 longis
992 2403 1223 2454 alternat
1258 2402 1501 2471 syllabis.
1581 2404 1830 2463 Quatuor
1862 2403 2048 2472 itaque
2082 2404 2300 2467 breves;

401 2486 596 2555 prima,
623 2488 798 2554 tertia,
818 2488 1029 2558 quinta,
1051 2490 1303 2559 septima,
1332 2489 1546 2558 simplae
1573 2497 1701 2542 sunt
1728 2488 1798 2542 ad
1824 2497 2058 2559 quatuor
2080 2491 2300 2558 longas;

403 2574 719 2639 secundam,
748 2582 1013 2645 quartam,
1049 2585 1279 2643 sextam,
1315 2584 1580 2630 octavam.
1663 2578 1771 2629 Hae
1807 2577 2038 2646 singulae
2074 2576 2144 2630 ad
2180 2577 2302 2630 illas

401 2661 646 2730 singulas
684 2661 915 2733 duplum
951 2664 1162 2716 habent
1198 2666 1489 2734 temporis3
1548 2665 1846 2734 pronuntio
1859 2662 1903 2730 ⁴⁶,
1939 2664 2211 2729 renuntiO,
2249 2671 2303 2716 et

398 2748 478 2801 ita
511 2756 594 2801 est
628 2758 894 2819 quantum
932 2750 1161 2803 sentitur
1200 2769 1365 2804 sensu
1401 2752 1708 2805 manifesto.
1790 2753 2072 2813 Quantum
2110 2769 2301 2804 sensus

398 2836 719 2889 manifestus
760 2845 859 2902 est,
897 2838 1051 2890 brevi
1093 2840 1304 2908 syllaba
1342 2840 1566 2907 longam
1603 2840 1815 2905 metior,
1855 2857 2083 2909 eamque
2127 2838 2300 2891 sentio

396 2922 598 2975 habere
638 2923 726 2976 bis
766 2930 994 2977 tantum.
1076 2925 1187 2978 Sed
1226 2944 1352 2978 cum
1393 2927 1563 2979 altera
1611 2933 1739 2998 post
1777 2929 2000 2980 alteram
2040 2931 2216 2989 sonat,
2256 2923 2301 2976 si
2357 2994 2363 3001 ἡ

395 3010 545 3080 prior
582 3012 783 3075 brevis,
827 3013 996 3080 longa
1045 3014 1334 3082 posterior,
1383 3016 1660 3085 quomodo
1712 3017 1912 3068 tenebo
1964 3017 2203 3081 brevem,
2249 3021 2302 3066 et

397 3099 675 3168 quomodo
702 3118 823 3153 eam
849 3100 1030 3167 longae
1055 3101 1287 3153 metiens
1316 3103 1629 3173 applicabO,
1650 3111 1711 3155 ut
1734 3103 2012 3155 inveniam
2040 3101 2190 3171 quod
2214 3100 2302 3153 bis

397 3193 612 3240 tantum
639 3187 869 3251 habeat;
911 3187 1359 3257 quandoquidem
1385 3190 1555 3258 longa
1582 3208 1775 3243 sonare
1808 3183 1921 3242 ηοη
1955 3189 2170 3259 incipit,
2194 3187 2301 3240 nisi

394 3275 578 3327 brevis
615 3293 807 3328 sonare
844 3272 1142 3328 destiterit?
1223 3278 1521 3347 Ipsamque
1554 3279 1778 3346 longam
1811 3296 1943 3330 num
1978 3284 2300 3348 praesentem
2351 3275 2353 3277 ’

394 3363 608 3427 metior,
635 3362 858 3432 quando
891 3362 1000 3414 nisi
1036 3362 1249 3415 finitam
1275 3382 1387 3415 non
1414 3363 1645 3417 metior?
1708 3364 1848 3435 Ejus
1888 3372 2070 3417 autem
2104 3363 2301 3427 finitio,

394 3451 692 3522 praeteritio
728 3458 827 3503 est.
909 3450 1058 3511 Quid
1091 3469 1220 3518 ergo
1259 3459 1342 3504 est
1382 3451 1534 3521 quod
1566 3449 1789 3505 metiar?
1872 3451 1988 3505 Ubi
2024 3458 2124 3516 est,
2152 3444 2297 3521 qua‘
2358 3503 2362 3517 Δ

395 3539 609 3603 metior,
625 3537 839 3591 brevis?
882 3537 978 3591 ubi
1006 3544 1090 3591 est
1113 3538 1282 3606 longa
1308 3554 1473 3608 quam
1498 3538 1720 3592 metior?
1775 3540 1968 3592 Ambae
1988 3543 2299 3600 sonuerunt,

396 3626 766 3691 avolaverunt,
791 3625 1182 3694 praeterierunt,
1201 3624 1320 3696 jam
1345 3644 1458 3678 non
1487 3632 1639 3692 sunt3
1681 3632 1736 3680 et
1760 3644 1863 3695 ego
1890 3626 2101 3691 metior,
2128 3624 2298 3677 fiden-
2349 3688 2352 3698 ζ

395 3717 584 3781 terque
634 3713 963 3782 respondeO,
1016 3719 1282 3782 quantum
1335 3712 1633 3766 exercitato
1686 3732 1851 3767 sensu
1900 3713 2106 3778 fiditur,
2149 3711 2300 3763 illam
