2378 4134
343 242 414 291 56
819 242 875 296 S.
913 242 1359 298 AUGUSTINI
1398 245 1758 300 EPISCOPI

341 371 611 443 processit
648 373 719 435 ad
755 393 876 442 1105,
913 376 973 429 111
1011 377 1196 449 ipsum
1231 378 1471 448 primum
1508 378 1831 448 virginalem
1870 385 2104 446 uterum,
2141 379 2238 432 ubi

343 459 395 511 ei
432 459 624 530 nupsit
658 461 901 516 humana
939 471 1203 533 creatura,
1243 483 1370 519 caro
1419 466 1682 534 mortaliS,
1718 485 1789 520 ne
1831 472 1977 520 esset
2027 483 2243 536 semper

142 557 213 602 Psi,
235 557 302 605 18,
344 547 588 600 mortalis
599 567 615 613 ;
679 555 735 602 et
770 550 903 603 inde
939 552 1088 604 velut
1124 569 1353 620 sponsus
1383 553 1685 620 procedens
1721 553 1790 606 de
1831 555 2078 606 thalamo
2125 570 2241 617 szw,

141 612 183 652 6.
345 625 648 688 exsultavit
673 643 739 688 ut
759 639 918 706 92⁰an
943 638 1021 690 ad
1045 639 1379 692 currendam
1405 641 1571 692 viam.
1651 641 1782 692 Non
1812 640 1959 693 enim
1992 638 2242 705 tardavit,

347 722 445 774 sed
483 723 745 787 cucurrit;
812 725 1056 777 clamans
1107 723 1290 791 dictis,
1329 725 1508 792 factiS,
1546 733 1736 792 morte,
1775 727 1905 792 vita,
1957 725 2244 792 (1050011511,

347 828 579 862 ascensu
590 830 604 874 3
665 811 907 863 clamans
956 818 1018 863 ut
1064 811 1348 864 redeamus
1398 811 1471 865 ad
1521 831 1662 865 eum.
1757 814 1836 866 Et
1877 812 2132 866 discessit
2173 814 2244 865 ab

349 897 542 962 oculiS,
586 903 649 949 ut
685 896 972 949 redeamus
1012 897 1082 950 ad
1121 916 1230 963 cor,
1271 905 1326 950 et
1362 898 1706 952 inveniamus
1744 918 1884 952 eum.
1962 898 2248 952 Abscessit

348 984 512 1048 enim,
541 990 596 1036 et
621 1001 750 1036 ecce
776 983 869 1036 hic
898 995 995 1036 est.
1076 985 1272 1037 Noluit
1295 985 1586 1038 nobiscum
1614 986 1710 1039 diu
1735 1005 1873 1052 esse,
1900 993 1955 1040 et
1981 1005 2094 1038 non
2123 986 2246 1038 reli-

350 1071 471 1141 quit
494 1089 611 1122 nos.
690 1071 834 1122 Illuc
863 1070 1010 1122 enim
1045 1071 1329 1137 abscessit,
1355 1071 1503 1125 unde
1537 1091 1821 1144 nunquam
1848 1073 2090 1138 recessit,
2118 1073 2249 1144 quia

143 1162 239 1204 Job·
267 1164 303 1208 1,
347 1157 589 1210 mundus
604 1175 712 1224 per
737 1175 861 1209 eum
878 1158 1082 1227 faetus
1107 1165 1216 1216 esu
1261 1167 1316 1212 et
1341 1161 1402 1211 in
1429 1162 1526 1212 hoc
1550 1161 1757 1213 mundo
1782 1168 1924 1226 erat,
1946 1167 2000 1213 et
2023 1162 2249 1213 venitin

147 1220 291 1325 iqlzim.
348 1245 496 1296 hunc·
528 1244 800 1297 mundum
825 1251 1147 1312 peccatores
1172 1247 1585 1316 salfvosfacerae
1630 1247 1719 1300 cui
1748 1247 2040 1300 confitetur
2068 1247 2251 1300 anima

144 1342 186 1389 l,
210 1343 276 1381 15.
348 1350 488 1396 mea,
514 1338 570 1383 et
594 1339 757 1384 sanat
785 1332 963 1397 ecmff,
991 1334 1125 1402 quia
1145 1336 1397 1401 peccavit
1422 1336 1526 1387 illi.
1586 1335 1726 1387 Filii
1744 1337 2028 1387 hominum
2055 1353 2250 1405 usque-

142 1410 216 1505 ξ5·
237 1411 305 1458 ‘¹⁰’
349 1438 454 1490 quo
482 1437 676 1486 ,qraves
716 1418 918 1472 corde?
1001 1421 1290 1492 Numquid
1328 1430 1380 1475 et
1413 1430 1541 1492 post
1584 1420 1941 1476 descensum*
1970 1422 2097 1474 vitae
2138 1439 2252 1473 non

146 1493 215 1572 [ἐς.
233 1533 273 1580 4,
295 1509 515 1571 3‚vultis
551 1509 843 1562 ascendere
884 1517 939 1562 et
970 1510 1183 1564 vivere?
1265 1511 1376 1564 Sed
1413 1531 1522 1583 quo
1561 1511 1902 1578 ascenditis⁰,
1930 1509 2151 1581 quando
2189 1511 2250 1562 in

149 1599 216 1639 Ps.
236 1599 305 1644 72,
349 1598 463 1648 alto
488 1598 635 1661 estiS,
670 1604 725 1649 et
743 1599 1013 1664 posuistis
1039 1600 1099 1649 z'n
1127 1600 1326 1650 coelum
1362 1617 1416 1651 08
1449 1598 1731 1652 vestrum?
1812 1597 2166 1662 Descendite,
2192 1602 2255 1648 ut

142 1656 184 1695 9.
350 1682 710 1749 ascendatisd,
738 1691 793 1736 et
826 1684 1136 1737 ascendatis
1163 1684 1234 1737 ad
1261 1685 1462 1738 Deum.
1543 1685 1837 1739 Cecidistis
1863 1685 2027 1749 enim,
2065 1702 2252 1736 ascen-

146 1785 217 1826 Ps.
240 1785 307 1829 83.
351 1770 531 1823 dendo
560 1777 751 1823 contra
775 1790 916 1823 eum.
995 1771 1103 1825 Dic
1132 1771 1211 1824 eis
1236 1772 1360 1839 ista,
1387 1779 1450 1824 ut
1474 1774 1692 1843 plorent
1716 1775 1778 1824 in
1805 1774 2047 1825 convalle
2062 1773 2252 1838 plora-

148 1841 186 1881 7.
354 1859 537 1922 tionis,
565 1863 620 1909 et
655 1857 733 1910 sic
773 1875 867 1909 eos
899 1876 1031 1928 rape
1066 1864 1249 1911 tecum
1277 1859 1348 1912 ad
1381 1859 1592 1923 Deum3
1634 1859 1766 1929 quia
1792 1859 1860 1912 de
1889 1859 2099 1929 Spiritu
2136 1857 2254 1929 ejus

350 1946 471 1998 haec
499 1944 638 1998 dicis
666 1945 765 2012 015,
795 1946 842 1997 51
870 1944 1011 1998 dicis
1037 1945 1232 1999 ardens
1258 1947 1387 2015 igne
1415 1947 1713 2000 charitatis.

172 2039 305 2083 XIII.
426 2037 514 2085 20.
557 2034 701 2086 Haec
728 2040 859 2085 tunc
893 2052 1006 2084 non
1038 2052 1314 2098 noveram,
1342 2041 1397 2086 et
1430 2035 1681 2087 amabam
1715 2033 1948 2104 pulchra
1984 2030 2255 2096 inferiora,

146 2096 274 2190 50¹3?
354 2127 408 2173 et
431 2121 582 2173 ibam
611 2121 670 2172 in
705 2120 1056 2190 profundum,
1084 2127 1139 2173 et
1177 2120 1429 2174 dicebam
1466 2121 1658 2175 amicis
1692 2121 1853 2173 meis:
1923 2121 2074 2171 Num
2107 2138 2254 2172 ama-

147 2220 286 2269 pfove-
352 2226 475 2260 mus
515 2207 744 2279 aliquid,
782 2207 890 2260 nisi
929 2207 1254 2278 pulchrum?
1334 2208 1484 2268 Quid
1524 2215 1607 2261 est
1645 2226 1773 2276 ergo
1811 2204 2135 2276 pulchrum?
2203 2212 2258 2258 et

147 2270 246 2303 ssiat.

356 2295 491 2366 quid
518 2301 602 2348 est
625 2293 1012 2365 pulchritudo?
1092 2293 1242 2355 Quid
1272 2300 1356 2347 est
1390 2294 1540 2365 quod
1568 2313 1671 2346 nos
1706 2293 1878 2347 allicit
1913 2300 1966 2345 et
1999 2292 2259 2346 conciliat

354 2383 517 2434 rebus
544 2400 682 2452 quas
710 2379 988 2434 amamus?
1059 2380 1186 2433 Nisi
1213 2380 1360 2433 enim
1387 2388 1532 2434 esset
1555 2381 1614 2432 in
1640 2381 1720 2434 eis
1748 2380 1917 2433 decus
1944 2386 1998 2432 et
2025 2380 2257 2449 specieS,

354 2469 507 2520 nullo
533 2467 698 2520 modo
724 2486 826 2520 nos
854 2467 925 2521 ad
952 2486 1009 2520 se
1035 2474 1329 2520 moverent.
1406 2469 1484 2520 Et
1510 2467 2007 2522 animadvertebam
2034 2474 2088 2519 et
2106 2466 2256 2519 vide—

354 2558 485 2610 bam
509 2556 569 2611 in
595 2556 732 2626 ipsis
767 2555 1090 2626 corporibus
1129 2555 1279 2607 aliud
1314 2573 1433 2608 esse
1473 2555 1633 2627 quasi
1670 2561 1864 2619 totum,
1892 2560 1947 2607 et
1978 2553 2103 2606 ideo
2134 2554 2257 2623 pul-

357 2645 575 2709 chrum3
617 2643 768 2697 aliud
796 2651 978 2696 autem
1006 2642 1156 2714 quod
1180 2643 1307 2695 ideo
1335 2642 1568 2709 deceret,
1598 2643 1858 2715 quoniam
1885 2649 2011 2712 apte
2041 2659 2253 2694 accom-

356 2731 667 2784 modaretur
693 2731 877 2796 alicui,
905 2731 1048 2784 sicut
1072 2748 1201 2801 pars
1229 2731 1474 2801 corporis
1507 2731 1579 2785 ad
1611 2731 1925 2783 universum
1960 2747 2137 2793 suum,
2165 2733 2259 2780 aut

361 2819 792 2871 calceamentum
845 2817 916 2870 ad
965 2817 1184 2888 pedem,
1224 2824 1280 2869 et
1318 2817 1532 2871 similia.
1634 2819 1714 2871 Et
1749 2818 1857 2870 ista
1896 2814 2258 2869 consideratio

362 2903 644 2957 scaturivit
680 2904 739 2956 in
779 2903 961 2956 animo
1011 2921 1132 2955 meo
1172 2921 1244 2956 ex
1281 2903 1475 2956 intimo
1529 2904 1693 2957 corde
1742 2921 1893 2967 meo;
1957 2908 2012 2954 et
2063 2900 2259 2972 scripsi

418 3082 436 3104 Ε
468 3079 663 3119 Perversa
681 3079 873 3120 celsitudo
891 3087 963 3129 est,
981 3081 1135 3121 deserto
1154 3093 1201 3120 eo
1217 3079 1282 3120 cui

363 3133 483 3174 debet
494 3134 651 3174 animus
665 3134 858 3176 inhaerere
871 3135 1079 3189 principio,
1095 3135 1170 3176 sibi
1185 3149 1284 3189 quo·

363 3189 457 3228 dam
487 3190 605 3230 modo
628 3189 713 3230 fieri
732 3197 852 3244 atque
877 3204 961 3231 esse
987 3190 1287 3245 principium-—

366 3245 439 3284 Est
457 3243 578 3299 igitur
602 3244 756 3300 aliquid
784 3245 1021 3286 humilitatis
1045 3246 1143 3286 miro
1163 3247 1282 3286 modo

364 3300 473 3354 quod
506 3314 663 3341 sursum
695 3300 819 3341 faciat
852 3314 934 3350 cor,
966 3307 1006 3341 et
1037 3308 1097 3341 est
1129 3301 1282 3354 aliquid

364 3355 547 3396 elationis
583 3356 693 3409 quod
719 3357 905 3397 deorsum
933 3356 1052 3396 faciat
1080 3356 1284 3396 cor—Pia

366 3410 572 3451 humilitas
590 3410 687 3451 facit
705 3412 910 3452 subditum
930 3411 1123 3466 superiori
1142 3427 1152 3461 ;
1183 3411 1282 3451 nihil

365 3473 425 3506 est
441 3474 574 3506 autem
600 3467 782 3521 superius
802 3468 919 3507 Deo:
952 3474 992 3507 et
1018 3466 1107 3507 ideo
1135 3466 1285 3508 exaltat

366 3519 584 3570 humilitas,
604 3536 696 3576 quae
716 3523 812 3563 facit
829 3522 1030 3563 subditum
1055 3524 1157 3563 Deo.
1189 3522 1286 3562 Ela-

367 3575 421 3616 tio
450 3583 586 3617 autem
614 3590 706 3630 quoe
734 3577 775 3617 in
803 3577 898 3618 vitio
926 3584 998 3621 est.
1019 3590 1067 3617 eo
1093 3577 1178 3632 ipso
1206 3591 1287 3632 quo

368 3631 518 3684 respuit
533 3632 836 3686 subjectionem,
852 3639 892 3673 et
910 3633 1016 3673 cadit
1035 3633 1087 3673 ab
1106 3633 1192 3682 illo,
1207 3646 1288 3687 quo

371 3698 452 3724 non
470 3692 530 3726 est
546 3687 765 3742 quidquam
783 3688 978 3743 superius,
995 3693 1036 3729 et
1053 3701 1103 3728 ex
1123 3688 1201 3729 hoc
1218 3688 1292 3729 erit

371 3739 547 3784 inferius.
578 3742 688 3796 Aug.
708 3744 759 3784 de
780 3743 871 3785 Civ.
893 3744 989 3793 Dei,
1010 3743 1089 3784 xiv.
1113 3745 1178 3784 13.

428 3794 450 3827 d
493 3795 718 3839 Poenitendi
765 3798 989 3840 humilitate
1037 3798 1286 3842 altitudinem

1339 3093 1452 3121 suam
1473 3080 1622 3136 accipit
1650 3081 1802 3120 anima.
1843 3080 1953 3133 Aug.
1972 3079 2022 3119 de
2043 3078 2134 3118 Lib.
2155 3077 2259 3119 Arb.

1339 3135 1371 3175 l.
1389 3135 1444 3175 iii.
1467 3149 1502 3176 c.
1523 3138 1563 3176 5.
1621 3136 1743 3178 Viam
1764 3135 1877 3175 nobis
1897 3134 1991 3174 fecit
2009 3147 2079 3188 per
2098 3133 2259 3173 humili-

1341 3198 1461 3231 tatem
1478 3207 1486 3231 :
1520 3190 1614 3244 quia
1632 3205 1703 3246 per
1721 3190 1947 3245 superbiam
1973 3201 2261 3230 recesseramus

1338 3259 1363 3286 a
1383 3246 1489 3295 Deo,
1510 3247 1636 3287 redire
1665 3247 1717 3286 ad
1742 3259 1835 3286 eum
1865 3244 1939 3285 nisi
1968 3258 2038 3299 per
2057 3243 2260 3283 humilita-

1338 3308 1419 3342 tem
1447 3315 1527 3341 non
1547 3309 1788 3355 poteramus,
1809 3307 1850 3341 et
1881 3313 2001 3353 quem
2023 3299 2135 3340 nobis
2155 3312 2260 3352 prae-

1339 3370 1576 3410 poneremus
1602 3357 1655 3396 ad
1688 3357 1940 3401 imitandum,
1971 3369 2053 3395 non
2082 3354 2260 3394 habeba-

1341 3426 1444 3453 mus.
1503 3412 1649 3452 Omnis
1666 3412 1773 3452 enim
1803 3410 2020 3451 mortalitas
2053 3409 2261 3449 hominum

1340 3467 1526 3520 superbia
1541 3473 1755 3508 tumuerat.
1795 3467 1860 3507 Ne
1875 3479 1969 3520 ergo
1981 3464 2263 3518 dedignaretur

1341 3522 1462 3563 homo
1490 3522 1634 3563 imitari
1665 3522 1866 3562 hominem
1902 3520 2112 3567 humilem,
2147 3520 2262 3559 Deus

1343 3577 1472 3618 factus
1504 3584 1563 3619 est
1593 3577 1771 3625 humilis,
1805 3584 1851 3617 ut
1885 3576 1949 3616 vel
1984 3576 2040 3616 sic
2075 3573 2263 3628 superbia

1344 3632 1498 3687 generis
1524 3632 1693 3674 humani
1729 3646 1810 3673 non
1841 3631 2121 3686 dedignaretur
2148 3627 2263 3682 sequi

1346 3687 1512 3743 vestigia
1546 3688 1635 3729 Dei.
1666 3689 1776 3741 Aug.
1796 3687 1839 3728 in
1864 3687 1928 3728 Ps.
1953 3684 2093 3726 xxxiii.
2115 3685 2262 3724 Enarr.

1350 3746 1387 3785 l.
1409 3745 1445 3797 ς.
1467 3745 1509 3785 4.
1537 3743 1593 3785 cf.
1614 3743 1664 3785 de
1685 3743 1782 3785 Fide
1800 3749 1841 3786 et
1865 3740 2071 3799 Symbolo,
2094 3740 2130 3792 §.
2149 3740 2187 3782 6.
