2378 4134
395 141 505 215 230
878 165 933 217 s.
962 161 1406 219 AUGUSTINI
1447 165 1809 220 EP1scoP1
2300 106 2326 175 ‘³¹

260 307 315 349 x,
471 299 564 348 10.
597 298 646 350 Ο
671 297 858 350 lumen
887 299 1125 366 Vei-ita,
1146 299 1343 351 lumen
1376 298 1562 352 cordis
1586 299 1720 364 mei,
1743 317 1860 352 non
1882 299 2126 354 tenebrae>
2148 318 2290 358 lm·
2358 369 2363 372 ,

183 362 352 472 ssfsseg
389 382 686 454 loquantur
708 384 862 437 mihi.
940 385 1169 438 Defiuxi
1195 383 1266 438 ad
1289 386 1399 439 ista
1423 393 1479 439 et
1502 387 1826 440 obscuratus
1852 404 2000 450 sum;
2036 386 2133 440 sed
2153 386 2310 444 hinec.
2358 460 2361 461 ⁷

184 470 329 516 doceri.
389 471 572 538 etiam,
598 472 730 528 hinc
758 472 1010 526 adamavi
1038 482 1107 526 te.
1186 473 1381 526 Erravi
1417 479 1473 526 et
1499 473 1814 527 recordatus
1847 492 1967 526 sum
2004 474 2099 526 tui.
2175 476 2293 530 Au-.·

389 559 503 613 divi
540 578 731 613 vocem
769 568 919 613 tuam
959 566 1089 630 post
1123 578 1210 612 me
1248 569 1311 612 ut
1346 559 1596 626 redirem,
1632 568 1687 613 et
1720 561 1819 613 vix
1854 559 2039 614 audivi
2069 568 2317 633 propter*
2360 590 2361 595 ¹

389 648 653 699 tumultus
701 644 1183 717 impacatorumfl.
1261 648 1339 700 Et
1381 666 1527 701 nunc
1572 667 1701 702 ecce
1744 647 1907 701 redeo
1949 654 2184 701 aestuans
2232 658 2311 704 et.
2364 720 2366 722 v

389 733 655 787 anhelans
684 733 754 787 ad
779 735 981 787 fontem
1010 741 1182 786 tuum.
1243 735 1423 786 Nemo
1443 753 1530 787 me
1553 735 1872 805 prohibeat3
1907 735 2056 788 hunc
2080 735 2292 802 1111111111,ι
2364 728 2367 729 ’

387 828 443 874 et
466 830 597 875 tunc
622 822 819 874 vivam.
887 822 1016 873 Non
1045 839 1147 890 ego
1175 821 1287 874 vita
1312 840 1434 874 mea
1462 822 1582 887 sim,
1602 823 1744 875 male
1768 822 1886 875 vixi
1912 841 1983 875 ex
2009 841 2116 890 me,
2141 842 2286 878 mors

385 908 522 960 mihi
550 908 626 960 fui
649 928 662 973 ;
703 914 759 960 et
781 908 840 959 in
868 916 921 960 te
948 909 1217 961 revivisco
1232 907 1273 960 “.
1351 909 1440 961 Tu
1475 927 1564 962 me
1601 910 1896 980 alloquere,
1922 916 1983 962 tu
2007 910 2144 963 mihi
2179 929 2291 964 ser-,

384 995 680 1048 mocinare.
761 994 986 1048 Credidi
1015 995 1196 1048 Libris
1222 996 1350 1061 tuis,
1379 1003 1434 1048 et
1459 997 1625 1049 verba
1650 1014 1835 1049 eorum
1864 1014 2062 1050 arcana
2084 996 2258 1051 valde.

233 1086 547 1134 XLII.
588 1084 626 1136 J
628 1101 713 1135 am
744 1082 936 1137 dixisti
971 1084 1125 1149 mihi,
1154 1084 1411 1149 Domine,
1438 1102 1574 1137 voce
1599 1085 1724 1137 forti
1758 1085 1816 1137 in
1855 1082 2074 1138 aurem'
2103 1085 2285 1139 interi-

179 1144 352 1240 ssssssddai
383 1189 548 1236 orem,
570 1171 702 1243 quia
727 1178 788 1225 tu
816 1180 1049 1227 aeternus
1076 1193 1151 1239 es,
1176 1176 1321 1227 solus
1345 1174 1548 1228 habeas
1572 1176 2109 1236 immortalitatem⁸‚·
2152 1194 2284 1246 quo-

177 1255 333 1334 dice-nt.
380 1259 530 1312 niam
557 1279 627 1312 ex
653 1262 806 1314 nulla
833 1263 1018 1332 specie
1045 1270 1263 1316 motuve
1290 1263 1533 1327 mutariS,
1558 1281 1660 1316 nec
1688 1263 2027 1334 temporibus
2054 1264 2286 1317 variatur

179 1324 332 1424 ὲξὲη·
380 1347 634 1400 voluntas
670 1357 798 1413 tua3
856 1350 987 1420 quia
1022 1369 1135 1402 non
1174 1358 1257 1404 est
1289 1349 1611 1403 immortalis
1636 1351 1909 1415 voluntaS,
1937 1369 2060 1420 quae
2091 1350 2198 1403 alia
2231 1358 2285 1404 et

382 1435 490 1487 alia
525 1443 621 1487 est.
705 1437 833 1490 Hoc
870 1438 927 1488 in
964 1446 1266 1509 conspectu
1303 1446 1396 1490 tuo
1433 1439 1600 1491 claret
1624 1437 1780 1502 mihi,
1807 1445 1860 1490 et
1884 1438 2060 1506 magis
2085 1438 2283 1507 magis-

383 1542 489 1593 que
531 1525 813 1591 clarescat,
856 1545 950 1578 010
990 1534 1061 1594 te,
1102 1535 1267 1597 atque
1302 1526 1361 1578 in
1401 1545 1465 1579 ea
1509 1526 1948 1579 manifestatione
1994 1527 2282 1596 persistam

382 1612 597 1664 sobrius
625 1614 725 1665 sub
765 1614 867 1667 alis
904 1615 1028 1667 tuis.
1110 1617 1253 1669 Item
1292 1614 1483 1667 dixisti
1524 1614 1679 1678 mihi,
1709 1614 1964 1678 Domine,
1994 1633 2126 1667 voce
2160 1613 2282 1666 forti

380 1700 435 1750 in
477 1717 661 1752 aurem
701 1700 1029 1767 interiorem,
1067 1702 1217 1773 quod
1258 1721 1447 1755 omnes
1485 1710 1707 1754 naturas
1745 1708 1908 1773 atque
1953 1701 2283 1755 substantias

382 1805 505 1856 quae
540 1805 652 1839 non
692 1797 819 1841 sunt
862 1789 1012 1860 quod
1050 1797 1110 1842 tu
1151 1808 1226 1855 eS,
1259 1798 1312 1842 et
1349 1797 1532 1843 tamen
1574 1797 1716 1854 sunt,
1746 1798 1804 1842 tu
1839 1790 2052 1854 fecisti3
2093 1790 2147 1843 et
2174 1791 2280 1845 hoc

382 1875 556 1926 solum
598 1894 630 1927 a
660 1884 712 1928 te
749 1895 861 1929 non
899 1885 997 1943 est,
1026 1877 1175 1948 quod
1211 1897 1324 1930 non
1359 1886 1472 1942 est3
1513 1885 1804 1949 motusque
1832 1879 2127 1932 voluntatis
2154 1898 2186 1932 a
2211 1886 2282 1945 te,

381 1963 474 2033 qui
503 1982 578 2030 05,
607 1963 678 2016 ad
703 1965 762 2017 id
791 1966 939 2036 quod
967 1968 1149 2019 minus
1175 1975 1274 2031 est,
1305 1967 1434 2039 quia
1459 1968 1584 2020 talis
1611 1974 1794 2019 motus
1825 1967 2084 2020 delictum
2120 1975 2282 2038 atque

379 2059 670 2120 peccatum
697 2050 828 2117 estf;
870 2063 924 2107 et
959 2054 1110 2125 quod
1142 2056 1347 2107 nullius
1386 2062 1675 2124 peccatum
1715 2063 1809 2108 aut
1849 2056 1946 2107 tibi
1984 2063 2163 2120 nocet,
2190 2062 2284 2108 aut

379 2140 662 2206 perturbat
692 2139 936 2192 ordinem
970 2142 1187 2211 imperii
1213 2143 1291 2195 tui
1320 2143 1405 2194 vel
1435 2142 1492 2193 in
1519 2142 1696 2212 primo
1720 2143 1807 2193 vel
1833 2142 1890 2193 in
1917 2142 2071 2194 imog.
2152 2143 2281 2195 Hoc

379 2226 436 2276 in
465 2234 767 2295 conspectu
791 2235 886 2280 tuo
909 2229 1076 2281 claret
1100 2229 1254 2294 mihi,
1284 2237 1337 2281 et
1361 2229 1537 2296 magis
1565 2229 1853 2298 magisque
1881 2229 2161 2295 clarescat,
2187 2247 2281 2280 oro

378 2320 448 2377 te,
478 2320 642 2383 atque
669 2314 723 2365 in
754 2334 818 2368 ea
844 2316 1282 2369 manifestatione
1308 2316 1596 2386 persistam
1625 2316 1837 2368 sobrius
1865 2316 1965 2367 sub
1994 2315 2094 2369 alis
2119 2316 2245 2369 tuis.

459 2400 540 2452 12.
584 2402 723 2453 Item
753 2401 946 2454 dixisti
972 2403 1107 2455 mihi
1147 2422 1280 2456 voce
1307 2403 1433 2455 forti
1469 2403 1528 2455 in
1567 2421 1749 2456 aurem
1775 2403 2103 2468 interiorem,
2131 2403 2280 2474 quod

377 2506 479 2540 nec
521 2487 616 2540 illa
655 2496 902 2543 creatura
938 2491 1039 2542 tibi
1076 2499 1347 2543 coaeterna
1386 2501 1484 2554 est,
1525 2491 1681 2562 cujus
1723 2488 2013 2560 voluptas*
2039 2498 2100 2543 tu
2134 2491 2279 2543 solus

379 2593 455 2639 eS,
484 2582 648 2646 teque
688 2578 1227 2646 perseverantissima
1253 2576 1532 2631 castitateh
1558 2578 1832 2644 hauriens,
1859 2578 2278 2631 mutabilitatem

380 2680 533 2715 suam
572 2682 846 2734 nusquam
874 2672 929 2718 et
966 2685 1249 2736 nunquam
1291 2666 1491 2719 exserit
1507 2669 1535 2731 ¹,
1572 2673 1626 2718 et
1664 2673 1716 2718 te
1757 2666 1863 2718 sibi
1896 2684 2109 2735 semper
2139 2683 2277 2736 prae-

379 2759 547 2814 sente,
570 2749 639 2802 ad
666 2768 828 2820 quem
857 2760 971 2805 toto
1000 2754 1201 2806 affectu
1229 2772 1285 2806 se
1311 2760 1475 2819 tenet,
1491 2771 1602 2805 non
1627 2754 1839 2806 habens
1865 2753 2104 2805 futurum
2131 2751 2279 2823 quod

435 2889 455 2918 ἃ
492 2889 560 2930 Sc.
585 2890 923 2933 Manichaeorum.
1359 2892 1487 2946 prium
1520 2893 1686 2941 bonum,
1715 2900 1785 2933 aut
1822 2895 1872 2934 ad
1907 2894 2093 2942 exterius,
2124 2901 2195 2934 aut
2225 2894 2276 2934 ad

435 2949 454 2970 θ
487 2946 575 2984 Nec
597 2946 741 2986 frustra
762 2947 811 2986 de
831 2947 903 2987 illo
925 2947 1074 2988 dictum
1101 2956 1174 2995 est,
1194 2949 1300 3002 quod
1357 2947 1532 2992 inferius,
1573 2956 1729 3003 peccat.
1786 2948 1851 2988 Ad
1882 2949 2080 3011 proprium
2112 2962 2277 2989 conver-

379 2999 489 3040 solus
515 3000 663 3041 habeat
687 3001 1050 3043 immortalitatem:
1100 3018 1190 3043 nam
1223 3005 1297 3043 irn-
1358 3002 1468 3050 titur,
1490 3017 1582 3043 cum
1615 3017 1697 3044 suae
1727 3006 1928 3057 potestatis
1956 3005 2042 3045 vult
2071 3018 2177 3046 esse:
2225 3005 2276 3045 ad

380 3055 603 3095 mortalitas
628 3057 715 3111 ejus
749 3071 838 3098 veie
865 3058 1140 3099 immortalitas
1166 3066 1238 3107 est,
1261 3059 1299 3098 in
1358 3059 1543 3104 exterius,
1566 3073 1657 3099 cum
1680 3060 1846 3099 aliorum
1875 3059 2048 3123 propria,
2071 3060 2133 3099 vel
2163 3072 2276 3114 quae-

380 3110 508 3173 cujus.
513 3119 652 3151 natura
667 3112 779 3152 nulla
798 3121 856 3152 est
875 3115 1146 3155 commutatio.
1204 3115 1302 3169 Ipsa
1359 3126 1532 3167 cumque
1556 3114 1607 3154 ad
1629 3129 1670 3155 se
1701 3129 1778 3154 non
1811 3115 2011 3169 pertinent
2036 3128 2274 3168 cognoscere

381 3175 438 3206 est
457 3166 576 3206 etiam
601 3181 694 3208 vera
714 3169 913 3209 aeternitas
931 3183 1020 3223 quae
1041 3177 1099 3209 est
1115 3170 1300 3210 immuta·
1357 3170 1510 3209 studet:
1541 3170 1591 3209 ad
1608 3170 1787 3218 inferius,
1805 3184 1894 3210 cum
1916 3172 2159 3225 voluptatem
2187 3184 2274 3211 001·-

380 3222 471 3262 111115
501 3223 630 3270 Deus,
650 3224 733 3264 sine
753 3224 878 3273 initio,
899 3224 982 3265 sine
1016 3226 1120 3275 fiue3
1163 3239 1301 3266 conse·
1358 3224 1462 3288 poris
1489 3225 1583 3278 dilig
1564 3225 1639 3274 uit3
1685 3233 1806 3278 atque
1834 3226 1888 3266 ita
1918 3227 2036 3266 homo
2063 3226 2273 3281 superbus,

379 3284 551 3332 quenter
569 3285 610 3318 et
627 3278 951 3334 incorruptibilis.
994 3281 1102 3335 Aug.
1122 3281 1303 3322 de'lrin.
1358 3279 1553 3327 curiosus,
1580 3289 1619 3320 et
1647 3280 1818 3322 lascivus
1847 3282 1955 3331 (vid.
1981 3296 2070 3336 sup.
2099 3283 2149 3321 ad
2175 3281 2203 3320 l.
2232 3294 2272 3322 x.

379 3334 408 3374 l.
432 3347 498 3374 xv.
519 3335 555 3384 §.
574 3335 613 3374 7.
1359 3338 1392 3388 §.
1414 3337 1479 3376 41.
1506 3350 1547 3390 p.
1567 3338 1657 3376 188.
1681 3350 1719 3376 n.
1738 3350 1770 3377 5.
1778 3337 1795 3387 )
1817 3337 1993 3382 effectus,
2006 3337 2200 3399 excipitur
2220 3338 2272 3377 ab

485 3390 612 3429 “Vos
626 3390 891 3430 substantiam
908 3392 1124 3444 quamdam
1145 3393 1296 3432 malum
1355 3390 1434 3431 alia
1454 3392 1551 3441 vita,
1569 3406 1674 3446 quae,
1690 3392 1731 3431 in
1751 3392 2048 3456 comparatione
2063 3391 2272 3455 supeiioris

379 3456 464 3483 esse
493 3444 645 3493 dicitis3
694 3459 765 3486 nos
792 3460 884 3486 vero
909 3460 988 3487 non
1016 3448 1296 3495 substantiam,
1356 3446 1459 3495 vitae,
1475 3461 1580 3487 mors
1597 3454 1668 3488 est.
1704 3448 1766 3488 Id.
1787 3447 1836 3487 de
1856 3447 1927 3488 lib.
1947 3449 2032 3488 arb.
2048 3447 2075 3487 l.
2092 3447 2135 3487 ii.
2153 3448 2189 3500 ξ.
2204 3449 2271 3488 53.

380 3499 447 3538 sed
475 3499 771 3541 inclinationem
794 3503 845 3541 ab
865 3516 912 3542 eo
933 3503 1040 3556 quod
1071 3503 1197 3557 magis
1225 3512 1296 3548 est,
1354 3503 1433 3543 vid.
1453 3517 1544 3556 sup.
1565 3502 1592 3542 l.
1611 3503 1678 3542 vii.
1701 3516 1735 3542 0.
1763 3505 1825 3544 16.

382 3555 431 3593 ad
453 3555 492 3594 id
513 3556 619 3608 quod
648 3557 780 3596 minus
808 3564 882 3605 est,
906 3557 1055 3598 malum
1082 3572 1168 3600 esse
1196 3559 1296 3600 dici·
1407 3562 1428 3595 8
1465 3558 1559 3599 vid.
1579 3572 1669 3613 sup.
1691 3558 1719 3597 l.
1741 3574 1777 3598 v.
1798 3572 1833 3599 c.
1855 3560 1896 3598 2.
1919 3572 1959 3612 p.
1981 3558 2047 3598 63
2069 3566 2108 3598 et
2129 3565 2208 3598 not.
2229 3558 2273 3597 b·

381 3622 484 3649 mus.
533 3589 968 3663 (Aug-c.Securidin.
999 3614 1295 3659 1111111.0.12.)
1354 3627 1389 3655 0.
1408 3614 1450 3654 (1.

384 3664 584 3706 Voluntas
603 3674 736 3706 autem
758 3681 896 3708 aversa
908 3669 959 3708 ab
976 3668 1296 3711 incommutabili
1412 3669 1432 3701 h
1469 3669 1560 3710 Vid.
1579 3683 1667 3723 sup.
1689 3669 1739 3709 ad
1761 3668 1817 3708 l.'
1808 3683 1861 3709 w.
1884 3669 1919 3720 ξ.
1938 3669 1975 3707 3.
2000 3681 2038 3721 p.
2061 3668 2128 3708 46.
2148 3680 2186 3706 n>
2210 3668 2253 3707 d.

381 3726 420 3758 et
449 3721 651 3761 communi
680 3722 799 3770 bono,
829 3730 868 3764 et
897 3737 1087 3765 conversa
1116 3725 1168 3765 ad
1209 3739 1296 3780 pro·
1410 3722 1424 3752 ¹
1458 3726 1491 3764 V
1498 3725 1548 3764 id.
1569 3724 1641 3765 inf.
1662 3726 1699 3777 ς.
1727 3727 1787 3764 19.
1804 3732 1842 3765 et
1859 3723 1914 3764 ib.
1942 3730 2021 3764 not.
