2378 4134
1000 184 1278 237 INDEX·
2013 195 2113 243 311

346 319 623 363 Mediolanum
653 321 859 365 revertitur
891 333 1036 364 nomen
1071 322 1145 363 da·
1201 315 1598 379 Baptismus,dicitur
1607 325 1902 380 sacramentnm
1913 322 2109 376 salutum

287 379 408 468 mg:
418 373 521 439 inter
532 374 804 431 baptizandos.
826 376 920 438 164.
1013 430 1038 469 4
1252 371 1486 467 rvriluudatltoii
1510 377 1679 468 ωιιιὲίέο.
1710 373 1794 467 IDO.
1813 386 1931 438 aqua·
1954 379 2109 431 gratiis,

286 493 381 521 cum
439 436 555 537 ΙΥιῙΙζίιιι)Ι
558 429 1143 533 ἓῑ(ιῖῑ<19ἑᾱῖιξῖοἰο11ῗ’ὲῗιιῖ1133
1253 439 1464 527 11ιέᾶίᾇέἶὲ
1487 438 1558 522 37¹3·
1587 455 1668 522 vid.
1697 487 1736 522 et
1761 437 1982 532 ?4{rqtg}‚,
2012 434 2104 530 1ἓὲ.

286 535 462 598 spiritale
481 545 568 599 post
583 537 836 593 bapt'mnum,
845 538 1019 592 fugiente
1035 538 1144 578 omni
1250 534 1365 597 Male
1389 533 1566 598 differtur
1584 535 1824 598 Augustino,
1847 538 1910 600 10.
1951 546 1991 579 et
2018 541 2108 595 plu.

288 589 552 632 sollicitudme
579 599 773 634 anteaetae
790 593 895 640 vitae,
921 593 1009 634 155.
1060 593 1140 634 La·
1250 589 1360 628 ribus
1383 589 1484 638 alus,
1502 602 1581 643 quo
1601 602 1775 630 secunus
1791 597 1947 632 interim
1965 607 2107 648 pecca·

285 642 463 698 chrymae
474 646 563 700 ejus
577 654 620 688 et
637 653 766 687 motus
782 647 938 702 pietatis
957 647 1009 688 ad
1026 646 1140 701 hym·
1248 649 1351 691 rent.
1368 642 1423 684 ib·

285 711 358 738 nos
375 706 415 738 et
431 701 589 741 cantica
607 701 815 749 Ecclesiae,
834 701 889 742 ib.
1195 698 1260 739 Ba
1288 697 1426 737 tismus
1456 695 1498 736 in
1531 694 1692 736 nomine
1723 703 1873 738 sanctae
1905 699 2107 743 Trinitatis

340 752 532 794 Reditum
563 754 605 795 in
635 755 814 796 Africam
842 769 934 797 cum
958 755 1037 797 suis
1055 767 1139 796 sus-
1277 758 1379 797 atur,
1396 752 1492 792 256.
1553 751 1685 792 Homo
1714 752 1903 806 spiritalis
1925 753 2106 807 judicare

282 805 393 860 cipit,
416 808 508 849 157.
1247 813 1375 861 potest
1391 807 1441 846 de
1460 804 1723 846 sollemnitate
1739 814 2073 849 sacramentorum
2087 827 2099 862 ;

338 861 460 923 Apud
477 861 591 923 Ostia
608 861 796 903 Tiberina
810 877 900 904 cum
923 869 1046 904 matre
1061 862 1144 903 col·
1252 859 1553 924 siyebaptismi,
1575 859 1655 923 sive
1675 861 1855 923 mysterii·
1874 861 1915 901 in
1934 875 2013 915 quo
2031 863 2099 906 ille

281 912 455 967 loquitur
480 916 530 956 de
550 923 630 956 vita
655 924 819 967 aeterna,
841 925 961 972 atque
989 917 1029 957 in
1056 917 1144 971 ejus
1251 928 1370 968 piscis
1386 916 1449 968 (td
1469 920 1527 955 est
1546 914 1750 967 Chnstus)
1765 915 1986 964 exhibetur,
1997 919 2093 961 269.

278 970 654 1023 contemplationem
674 972 792 1013 ambo
819 973 1041 1027 rapiuntur,
1062 973 1138 1012 161
1254 968 1363 1010 Fidei
1380 968 1568 1024 professio
1587 969 1638 1009 de
1657 969 1745 1010 loco
1761 970 2006 1012 eminentiori
2027 987 2096 1014 co-

281 1035 341 1075 sq.
384 1024 552 1065 Vilescit
571 1027 741 1067 mundus
768 1040 858 1067 cum
877 1026 1144 1068 delectationi·
1252 1036 1335 1063 ram
1374 1023 1555 1063 fidelibus
1588 1023 1810 1064 memoriter
1842 1024 1924 1065 fieri
1957 1026 2096 1069 Romae

279 1076 356 1116 bus
373 1078 468 1127 suis,
487 1079 539 1119 ib.
1250 1084 1509 1119 consueverat
1528 1090 1551 1116 a
1569 1078 1832 1131 baptizandiS,
1857 1081 1948 1124 128.
1971 1094 2010 1122 n.

337 1131 442 1172 Hinc
458 1133 601 1187 elapsis
618 1133 679 1173 vix
699 1134 875 1187 quinque
895 1133 1034 1174 diebus
1054 1146 1138 1174 ma·
1196 1132 1390 1186 Baptismi
1410 1131 1588 1179 effectus,
1612 1134 1707 1179 154.
1727 1134 1819 1178 169,
1838 1136 1905 1175 50.
1937 1134 2029 1176 Sine
2046 1150 2094 1178 eo

278 1192 336 1226 tre
365 1188 540 1233 orbatur,
563 1188 653 1229 165.
698 1190 870 1229 Mortem
897 1188 983 1241 ejus
1009 1187 1132 1240 luget,
1243 1200 1322 1226 non
1339 1187 1503 1226 intratur
1523 1186 1565 1225 in
1583 1199 1746 1241 regnum
1767 1189 1974 1235 coelorum,
1994 1192 2088 1233 265.

279 1238 334 1280 ib.
377 1255 440 1291 sq.
498 1243 635 1283 Funus
677 1257 748 1297 pro
796 1242 977 1284 sollemni
1023 1255 1132 1283 more
1242 1241 1453 1294 Augustini
1470 1241 1637 1287 amicus,
1659 1242 1837 1282 nesciens
1856 1244 2091 1296 baptizatus,

275 1295 522 1335 celebratum
539 1298 789 1350 prosequitur
802 1299 951 1350 absque
971 1296 1125 1350 lachry-
1233 1295 1375 1335 mirum
1403 1296 1444 1335 in
1470 1295 1631 1335 modum
1656 1295 1788 1337 animo
1822 1305 1999 1339 mutatus
2017 1307 2090 1347 est,

276 1347 365 1395 mis,
389 1351 482 1391 165.
521 1351 620 1391 Orat
653 1365 723 1406 pro
756 1352 844 1406 ejus
871 1351 1013 1399 salute,
1047 1352 1126 1392 166
1238 1351 1304 1391 50.
1357 1350 1611 1402 Baptismum
1636 1350 1853 1391 Manichaei
1874 1366 1943 1406 pro
1964 1353 2089 1395 nihilo

273 1415 334 1456 sq.
356 1405 446 1446 165.
1237 1404 1477 1448 habuerunt,
1506 1405 1577 1453 49,
1603 1418 1641 1445 n.
1700 1406 1794 1445 Post
1830 1407 2084 1460 baptismum,

331 1458 413 1498 AEt.
435 1474 500 1499 an.
517 1459 654 1500 xxxiv.
1239 1458 1366 1510 major
1400 1465 1440 1498 et
1477 1458 1728 1513 periculosior
1761 1467 1819 1499 est
1855 1461 2087 1503 delictorum

327 1513 494 1553 Librum
514 1518 541 1539 “
563 1516 609 1554 de
638 1513 854 1566 Magistro'‘
872 1526 962 1554 cum
994 1515 1126 1555 Adeo·
1239 1519 1387 1558 reatus,
1414 1513 1475 1553 18.
1528 1513 1728 1565 Baptizati
1756 1514 1973 1556 audiebant
1991 1517 2089 1559 fide-

269 1565 366 1606 dato
383 1580 509 1608 anuos
526 1568 590 1608 xvi
608 1574 702 1608 nato
719 1568 933 1622 componit,
950 1570 1042 1609 154.
1242 1567 1313 1612 les,
1331 1568 1401 1614 20,
1425 1567 1516 1613 160,
1539 1568 1631 1607 134.

327 1621 412 1660 AEt.
435 1637 499 1663 an.
519 1622 613 1662 xlvi.
636 1623 704 1673 δςσ.
1186 1620 1428 1661 Barbarismi
1449 1621 1508 1660 vel
1530 1620 1739 1662 solaecismi
1756 1622 1882 1676 magis
1901 1622 2083 1666 homines

335 1675 478 1716 Libros
511 1677 790 1729 Confessionum
825 1677 941 1716 A.D.
977 1676 1130 1717 circiter
1237 1676 1359 1728 pudet
1378 1689 1499 1728 quam
1521 1676 1619 1720 vitii,
1638 1676 1700 1716 15.

270 1727 438 1771 CCCC.
451 1731 547 1777 edit,
555 1730 790 1785 jampridem
804 1731 1022 1786 episcopus,
1038 1733 1119 1775 1,n.
1182 1729 1394 1770 Beatitudo
1413 1738 1470 1769 est
1495 1729 1684 1782 gaudium
1711 1730 1760 1769 de
1782 1730 1959 1777 veritate,
1986 1733 2074 1774 184.

323 1784 458 1824 Mores
475 1786 562 1839 ejus
577 1799 645 1839 per
664 1786 704 1825 id
723 1794 892 1837 tempus,
906 1799 983 1838 quo
999 1786 1119 1825 libros
1229 1785 1300 1823 Est
1318 1785 1490 1837 gaudere
1506 1785 1554 1824 de
1572 1785 1675 1830 Deo,
1690 1784 1740 1823 ad
1759 1785 1909 1832 Deum,
1925 1795 2082 1840 propter

269 1834 552 1891 confessionum
579 1840 725 1883 scribit.
745 1839 906 1892 quinam
935 1840 1024 1886 sint,
1049 1841 1125 1880 169
1236 1839 1385 1883 Deum,
1410 1841 1500 1878 184.
1554 1839 1626 1878 Est
1645 1838 1836 1878 inhaerere
1858 1840 1960 1885 Deo,
1988 1844 2079 1888 186,

266 1902 355 1944 sqq.
415 1893 542 1934 Amor
569 1893 655 1946 ejus
683 1894 724 1933 in
747 1896 880 1934 Deum
899 1894 1124 1937 vehemens.
1235 1893 1304 1937 66,
1332 1894 1426 1933 231.
1479 1893 1550 1932 Est
1582 1893 1697 1932 Deus
1730 1893 1826 1947 ipse,
1854 1895 1947 1939 184,
1974 1896 2072 1938 253.

269 1946 342 1984 171
378 1960 435 1998 sq.
500 1948 667 1989 Deliciae
698 1948 818 2002 ipsius
835 1949 1018 2002 occupari
1040 1950 1119 1989 Dei
1230 1947 1279 1985 In
1299 1947 1377 1986 hoc
1398 1946 1546 1986 mundo
1565 1960 1643 1986 non
1663 1948 1867 2000 reperitur,
1888 1951 1954 1989 55.

264 2002 468 2049 memoria,
501 2004 591 2043 165.
658 2002 756 2056 Spes
782 2003 866 2055 ejus
898 2003 1053 2043 nonnisi
1078 2004 1119 2043 in
1177 2000 1473 2041 Beatitudinem
1485 2014 1622 2042 ornnes
1641 2009 1847 2055 appetunt,
1870 2004 2068 2047 184,182.

264 2064 409 2106 magna
442 2056 556 2096 valde
594 2056 859 2097 misericordia
892 2058 986 2102 Dei,
1026 2059 1114 2098 187.
1229 2056 1352 2094 Multi
1370 2069 1457 2096 eam
1475 2055 1640 2108 adipisci
1656 2070 1735 2095 non
1750 2063 1904 2096 tantum
1921 2058 2075 2106 volunt,

266 2108 322 2147 Ut
359 2122 400 2148 se
437 2109 559 2151 habet
595 2111 645 2150 ad
682 2112 915 2151 tentationes
950 2112 1120 2152 libidinis
1228 2117 1421 2163 quantum
1443 2116 1502 2149 sat
1521 2117 1579 2149 est
1598 2117 1642 2149 ut
1659 2111 1833 2157 valeant,
1858 2113 1948 2151 184.

262 2163 447 2210 carnalis,
470 2166 545 2204 188
567 2178 624 2217 sq.
658 2166 724 2205 Ad
744 2165 978 2205 tentationes
998 2167 1118 2219 gulae,
1175 2163 1407 2204 Benedictio
1422 2163 1825 2211 hominibus,avibus,
1845 2172 1884 2204 et
1900 2164 2075 2219 piscibus

265 2217 342 2256 189
360 2230 417 2270 sq.
480 2220 668 2258 Ebriosus
687 2233 890 2273 nunquam
915 2220 1004 2267 fuit,
1026 2222 1115 2262 190.
1229 2225 1382 2259 tantum
1403 2232 1425 2258 a
1447 2219 1536 2258 Deo
1555 2218 1771 2272 impertita.
1792 2233 1927 2272 quare,
1947 2221 2042 2261 270.

264 2270 321 2310 Ut
345 2285 387 2311 se
405 2273 502 2324 gerit
523 2275 573 2312 ad
599 2274 779 2320 odorum,
797 2274 1019 2320 illecebras,
1043 2277 1117 2315 191
1177 2272 1292 2312 Bona
1320 2281 1412 2313 sunt
1439 2273 1589 2315 omnia.
1618 2275 1706 2314 116.
1748 2273 1840 2314 licet
1867 2287 2071 2327 compara-

258 2337 318 2376 sq.
380 2326 447 2365 Ad
484 2328 707 2380 voluptates
751 2328 919 2374 aurium,
953 2331 1028 2369 192
1057 2343 1115 2382 sq.
1230 2327 1337 2366 tione
1358 2327 1435 2366 Dei
1462 2340 1539 2366 non
1567 2327 1644 2365 sint
1673 2329 1790 2373 bona,
1811 2330 1905 2368 208.
1959 2330 2074 2369 Deus

260 2379 329 2418 Ad
356 2379 561 2421 illecebras
587 2382 807 2427 oculorum,
835 2384 912 2423 193
939 2396 997 2436 sq.
1055 2385 1111 2423 Ut
1219 2382 1346 2420 bonus
1357 2380 1488 2420 omnia
1501 2380 1718 2428 bonafecit,
1738 2383 1789 2422 ib.
1814 2381 1928 2421 Bona
1939 2391 2071 2423 nostra

256 2445 299 2471 se
311 2433 430 2474 habet
441 2435 491 2474 ad
505 2437 718 2475 secundum
738 2438 962 2477 tentationis
972 2451 1110 2489 genus,
1222 2434 1404 2475 instituta
1424 2442 1463 2475 et
1480 2436 1584 2474 dona
1605 2435 1687 2475 Dei
1707 2442 1822 2484 sunt3
1852 2437 1960 2475 mala
1979 2451 2069 2477 vero

257 2488 364 2538 quod
384 2496 443 2528 est
462 2490 709 2537 curiositatis,
733 2491 808 2530 194
828 2505 913 2544 sqq.
965 2492 1111 2532 Incita-
1222 2499 1370 2537 nostra,
1391 2489 1539 2529 delicta
1572 2496 1706 2530 nostra
1734 2497 1826 2530 sunt
1853 2497 1893 2529 et
1916 2490 2070 2542 judicia

256 2546 321 2581 tur
340 2555 363 2582 a
382 2543 539 2584 diabolo
560 2551 602 2583 ut
625 2544 779 2596 signum
800 2545 959 2598 aliquod
979 2559 1002 2584 a
1025 2547 1112 2586 Deo
1222 2545 1316 2590 Dei,
1341 2546 1431 2589 170.
1452 2551 1492 2583 et
1514 2559 1551 2584 n.
1597 2544 1666 2582 Nil
1688 2547 1845 2598 prodest
1876 2545 1983 2585 bona
2010 2560 2068 2587 res

257 2603 376 2648 petat,
402 2599 490 2638 196.
542 2598 643 2638 Item
663 2601 857 2651 quomodo
877 2613 918 2639 se
935 2600 1035 2652 gerit
1060 2602 1111 2640 ad
1221 2612 1299 2638 non
1323 2598 1444 2638 utenti
1463 2598 1580 2643 bene,
1601 2599 1665 2637 61.

255 2650 412 2690 tertium
443 2665 578 2703 genus,
598 2654 808 2706 superbiae,
832 2655 920 2696 197.
959 2654 1010 2694 ad
1037 2654 1111 2695 hu-

255 2715 394 2745 manas
410 2705 564 2753 laudes,
589 2708 677 2747 198.

304 2759 370 2798 Ab
394 2759 612 2800 actionibus
642 2761 888 2801 necessitatis
915 2768 1106 2813 quantum

251 2812 417 2853 relaxari
430 2821 570 2860 potest,
585 2816 634 2854 ad
648 2814 1102 2868 Deicontemplationem
1579 2813 1628 2853 C·

250 2866 406 2919 refugit,
428 2869 521 2909 201.
573 2870 776 2910 Sec-essum
796 2870 836 2909 in
856 2870 1104 2910 solitudinem

253 2920 465 2975 aliquando
496 2923 626 2962 animo
647 2924 813 2977 agitanS,
832 2923 1058 2978 prohibetur
1079 2939 1102 2965 a
1160 2917 1333 2958 Caecitas
1367 2918 1571 2958 hominum
1600 2919 1650 2958 de
1681 2919 1859 2959 caecitate
1889 2921 2059 2972 glorian-

250 2974 353 3022 Deo,
373 2983 416 3015 ut
443 2989 522 3016 non
550 2977 624 3017 sibi
656 2978 744 3022 soli.
763 2979 830 3017 sed
858 2978 946 3017 aliis
975 2979 1101 3028 vivat,
1213 2972 1326 3017 tium,
1346 2974 1413 3013 29.
1471 2972 1683 3013 Caecitates
1703 2974 1884 3026 poenales
1911 2978 2059 3030 spargit

246 3029 339 3070 203.
407 3031 540 3070 Castae
576 3033 659 3085 ejus
693 3032 848 3072 deliciae
887 3032 1099 3085 Scripturae
1213 3027 1326 3066 Deus
1346 3041 1462 3081 super
1483 3027 1638 3066 illicitas
1656 3028 1908 3081 cupiditateS,
1935 3032 1996 3070 16.

244 3082 400 3127 divinae,
421 3086 514 3125 206,
563 3087 604 3126 Si
624 3086 719 3139 quid
747 3093 903 3140 tempus
933 3086 1098 3128 liberum
1157 3086 1168 3103 ⁴
1186 3081 1287 3121 Caeli
1307 3088 1345 3120 et
1366 3082 1493 3121 terrae'
1511 3082 1668 3121 nomine
1684 3082 1913 3134 intelligitur
1932 3085 2058 3124 omnis

245 3134 379 3182 habet,
397 3138 436 3177 in
455 3139 535 3178 illis
553 3147 676 3180 totum
698 3139 904 3193 impendit,
921 3141 977 3180 ib,
1209 3142 1401 3182 creatura,
1437 3137 1534 3181 212,
1575 3136 1776 3186 Spiritales
1805 3144 1844 3175 et
1878 3139 2058 3179 carnales

191 3188 308 3229 Auloe
341 3192 449 3232 favor
469 3207 528 3232 res
547 3194 708 3246 fragilis,
735 3198 822 3235 135.
871 3195 1004 3235 Aulici
1031 3208 1099 3246 per
1209 3190 1415 3236 Ecclesiae,
1436 3189 1529 3229 256·
1586 3190 1742 3228 Caelum
1772 3191 1859 3229 caell
1889 3199 1950 3230 est
1975 3205 2053 3233 (2ae-

244 3246 370 3286 multa
387 3246 564 3300 pericula
579 3249 811 3303 perveniunt
839 3250 889 3289 ad
914 3250 1100 3302 grandius
1209 3243 1292 3282 lum
1309 3243 1415 3296 quod
1436 3257 1514 3282 non
1533 3243 1745 3289 Cernimus»
1758 3246 1852 3285 2‘26-
1890 3246 2052 3296 Augen.

242 3299 473 3351 periculum,
493 3301 546 3342 ib,
1206 3299 1286 3336 228
1307 3311 1365 3349 sq.
1423 3297 1579 3337 Caelum
1601 3297 1747 3337 indocti
1768 3298 1938 3349 rapiunt,
1960 3302 2049 3341 137.

190 3350 357 3393 Aurium
378 3355 576 3409 voluptas,
602 3356 690 3396 192,
1153 3352 1304 3392 Cautus
1329 3358 1388 3391 est
1415 3365 1534 3391 sonus
1563 3352 1772 3404 speciosus,
1794 3354 1887 3393 246.
1944 3354 2051 3394 Can-

192 3405 342 3446 Aurum
357 3421 407 3448 ex
428 3411 606 3464 AEgypto
626 3411 677 3450 ab
699 3410 889 3449 Israelitis
915 3409 1094 3450 ablatum
1207 3414 1269 3445 tus
1288 3405 1575 3445 ecclesiasticus
1597 3405 1813 3445 instituitur
1830 3407 2052 3447 Mediolani

240 3461 442 3503 veritatem
463 3463 688 3511 adumbrat,
709 3466 800 3511 114,
819 3471 858 3505 et
877 3477 914 3504 n.
1205 3473 1228 3498 a
1262 3460 1303 3500 S.
1337 3459 1560 3503 Ambrosio.
1594 3462 1683 3500 155.
1735 3460 1833 3512 Ejus
1870 3461 2049 3502 melodiae

1205 3514 1356 3553 utilitas
1374 3527 1535 3564 magna,
1555 3515 1646 3559 193,
1664 3513 1716 3553 ib.
1769 3515 1829 3552 Ea
1848 3514 1989 3554 mirum
2007 3516 2049 3556 in

614 3570 664 3611 Β,
1204 3567 1365 3606 modum
1399 3567 1566 3607 afficitur
1597 3568 1724 3618 Aug⁵.
1763 3569 1852 3608 192.
1903 3569 2050 3610 Delec-

1202 3622 1297 3661 tatio
1343 3622 1473 3661 carnis
1521 3622 1640 3661 etiam
1677 3621 1717 3661 in
1755 3621 1891 3662 divino
1927 3632 2047 3664 cantu

187 3672 383 3714 Balneum
420 3673 509 3715 ideo
545 3675 689 3716 dictum
722 3678 817 3731 quia
855 3677 1092 3718 anxietatem
1202 3675 1396 3721 cavenda,
1436 3677 1490 3716 ib.
1532 3677 1726 3715 Peccatur
1774 3689 1863 3716 curn
1906 3686 2046 3719 cantus

237 3726 347 3779 pellit
365 3741 412 3768 ex
435 3729 582 3776 animo,
608 3731 696 3771 165.
1204 3729 1371 3782 amplius
1387 3730 1558 3770 delectat
1577 3743 1694 3783 quam
1715 3742 1789 3778 τες,
1809 3731 1859 3771 ib.
1886 3733 1977 3772 193.
