2378 4134
414 243 486 292 64
892 243 947 296 S.
989 243 1433 299 AUGUSTINI
1474 243 1834 300 EPISCOPI

208 381 280 422 Ps.
302 382 396 432 138,
413 381 469 426 et
498 373 804 442 integrum?
883 376 1008 437 Quo
1038 377 1185 431 enim
1214 378 1486 447 fugerunt,
1513 397 1639 431 cum
1663 379 1915 447 fugerent
1945 397 1979 433 a
2006 378 2147 432 facie
2171 380 2301 434 tua?

205 436 311 543 gen.
329 506 380 545 16
413 466 508 513 aut
530 461 628 514 ubi
655 470 716 516 tu
740 481 853 515 non
878 463 1091 517 invenis
1117 463 1242 518 eos?
1322 464 1433 518 Sed
1457 465 1732 534 fugerunt,
1756 472 1819 518 ut
1842 484 1955 518 non
1979 465 2226 520 viderent
2252 475 2304 521 te

206 559 269 599 14.
383 536 683 601 ’videntem
713 568 786 614 se,
815 557 977 620 atque
1014 550 1279 604 excaecati
1315 550 1375 603 in
1410 559 1463 604 te
1498 551 1868 617 offenderent;
1910 552 2041 623 quia
2074 571 2183 605 non
2212 554 2302 606 de-

200 625 544 722 {gpffbseris
570 636 792 706 aliquid
819 655 1005 689 eorum
1042 656 1160 708 quoe
1180 638 1379 706 fecisti
1399 659 1418 695 ;
1460 636 1521 689 in
1555 644 1609 690 te
1646 638 1985 692 offenderent
2017 638 2224 710 injusti,
2251 649 2306 694 et

201 711 299 777 δαὶ).
316 709 327 718 ’
397 720 548 792 juste
575 720 961 787 vexarentur*;
996 724 1376 776 subtrahentes
1403 742 1460 776 se
1485 724 1696 778 lenitati
1722 731 1848 791 tuae,
1876 732 1931 779 et
1965 726 2303 781 offendentes

403 808 463 860 in
512 809 895 862 rectitudinem
944 816 1113 875 tuam,
1157 817 1214 863 et
1264 810 1522 864 cadentes
1571 811 1631 864 in
1692 813 2042 883 asperitatem
2094 812 2300 868 suam'.

403 895 677 949 Videlicet
699 896 954 949 nesciunt
980 897 1130 968 quod
1154 897 1361 968 ubique
1389 898 1482 964 sis,
1504 917 1667 968 quem
1693 901 1878 953 nullus
1906 901 2303 955 circumscribit

400 983 575 1047 locus,
618 989 672 1034 et
711 984 858 1035 solus
902 1002 961 1036 es
1005 1002 1267 1053 praesenS,
1308 984 1473 1037 etiam
1516 985 1587 1038 iis
1628 986 1724 1057 qui
1763 987 1927 1055 longe
1969 986 2110 1040 fiunt
2153 1006 2186 1040 a
2229 994 2299 1040 te.

403 1069 805 1123 Convertantur
843 1088 972 1139 ergo
1013 1077 1068 1123 et
1106 1077 1355 1141 quaerant
1391 1077 1463 1138 te,
1502 1071 1632 1142 quia
1668 1091 1781 1125 non
1821 1073 1963 1126 sicut
1998 1073 2108 1143 ipsi
2148 1073 2300 1127 dese-

398 1163 621 1209 ruerunt
656 1163 953 1210 creatorem
992 1176 1169 1222 suum,
1195 1156 1275 1210 ita
1309 1164 1364 1210 et
1399 1163 1460 1210 tu
1491 1158 1779 1212 deseruisti
1807 1166 2107 1213 creaturam
2132 1167 2298 1213 tuam.

399 1243 519 1313 Ipsi
565 1251 968 1311 convertantur,
1009 1251 1064 1297 et
1108 1253 1355 1315 quaerant
1399 1251 1484 1310 te3
1538 1253 1592 1299 et
1633 1264 1761 1299 ecce
1805 1246 1885 1298 ibi
1931 1265 1988 1299 es
2033 1246 2093 1299 in
2137 1247 2299 1300 corde

399 1348 604 1398 eorum,
629 1331 689 1383 in
716 1331 877 1384 corde
905 1331 1287 1384 confitentium
1312 1331 1433 1398 tibi,
1460 1338 1515 1385 et
1547 1333 1955 1404 projicientium
1983 1352 2040 1386 se
2065 1333 2124 1386 in
2149 1341 2221 1399 te,
2248 1340 2302 1386 et

398 1418 732 1487 plorantium
769 1418 827 1470 in
868 1417 992 1471 sinu
1026 1426 1122 1471 tuo
1158 1426 1288 1490 post
1321 1419 1439 1472 vias
1475 1438 1602 1472 suas
1640 1419 1920 1473 difficiles:
1963 1427 2017 1473 et
2042 1427 2101 1473 tu
2123 1421 2301 1474 facilis

398 1512 615 1573 tergens
639 1508 908 1576 lacrymas
935 1524 1151 1571 eorum3
1192 1515 1246 1560 et
1279 1507 1457 1575 magis
1493 1508 1710 1577 plorant
1746 1516 1800 1562 et
1837 1508 2077 1575 gaudent
2111 1508 2170 1560 in
2205 1510 2300 1561 fle-

399 1593 564 1658 tibus,
596 1594 858 1664 quoniam
883 1600 961 1659 tu,
982 1595 1240 1659 Domine,
1265 1613 1376 1646 non
1404 1595 1606 1665 aliquis
1631 1595 1796 1647 homo
1824 1614 1952 1648 caro
1978 1603 2032 1649 et
2058 1598 2301 1664 sanquiS,

399 1679 497 1732 sed
527 1687 603 1746 tu,
631 1680 888 1746 Domine,
917 1681 1013 1750 qui
1048 1680 1246 1745 fecisti,
1273 1681 1458 1734 reficis
1494 1688 1549 1734 et
1583 1683 1882 1735 consolaris
1913 1701 2022 1735 eos,
2100 1684 2177 1736 Et
2203 1684 2299 1736 ubi

398 1784 501 1835 ego
538 1785 703 1832 eram,
731 1766 951 1837 quando
988 1775 1042 1820 te
1080 1767 1432 1838 quaerebam?
1510 1769 1587 1821 Et
1622 1775 1682 1820 tu
1718 1787 1835 1821 eras
1872 1777 1997 1823 ante
2033 1788 2152 1834 1ne3
2195 1789 2298 1837 ego

397 1859 578 1907 autem
599 1860 654 1907 et
680 1873 713 1907 a
736 1872 823 1906 me
844 1854 1220 1922 discesseram,
1238 1873 1342 1908 nec
1369 1873 1457 1908 me
1483 1854 1857 1921 inveniebam3
1893 1862 2097 1927 quanto
2116 1857 2298 1910 minus

397 1937 480 1992 te!

242 2034 327 2072 ΙΠ-
471 2032 520 2080 3.
563 2030 867 2101 Proloquar
891 2031 948 2082 in
978 2038 1281 2101 conspectu
1306 2032 1414 2084 Dei
1440 2032 1548 2084 mei
1576 2051 1779 2085 annum
1805 2032 1959 2084 illum
1985 2030 2295 2099 undetrige-

189 2089 257 2184 ἓξ
274 2090 366 2185 {1³ss
366 2115 381 2122 “
396 2116 593 2168 simum
622 2118 797 2170 aetatis
822 2137 975 2170 meae.
1040 2120 1077 2171 J
1080 2137 1167 2171 am
1194 2126 1415 2171 venerat
1440 2119 1832 2186 Carthaginem
1862 2118 2086 2189 quidam
2112 2118 2294 2171 Mani-

188 2199 356 2250 nichae0‚
394 2200 671 2253 chaeorum
694 2202 1006 2272 episcopm,
1027 2197 1288 2255 Faustusd
1306 2202 1547 2266 nomine,
1566 2220 1800 2270 magnus
1814 2203 2045 2271 laqueus
2062 2201 2291 2253 diaboli:

185 2256 361 2364 {2335sp
394 2293 448 2339 et
482 2288 639 2341 multi
674 2289 1099 2358 implicabantur
1132 2289 1190 2340 in
1226 2307 1291 2341 eo
1327 2306 1425 2358 per
1459 2289 1774 2342 illecebram
1812 2287 2292 2358 suaviloquentiae3

185 2366 367 2464 ξὲἓζὲᾚῑθ
395 2393 560 2444 quam
605 2393 708 2443 ego
753 2376 968 2428 tametsi
1007 2375 1319 2441 laudabam,
1360 2375 1736 2429 discernebam
1776 2383 1957 2428 tamen
1997 2393 2030 2427 a
2068 2374 2291 2427 veritate

184 2480 254 2530 qui
275 2492 344 2531 per
392 2479 588 2529 rerum,
618 2481 848 2532 quarum
882 2462 1263 2516 discendarum
1302 2463 1494 2516 avidus
1534 2482 1704 2527 eram3
1743 2481 1846 2515 nec
1884 2462 2033 2532 quali
2067 2463 2292 2515 vasculo

183 2541 364 2630 ξὲξᾶἑῗε
393 2550 675 2614 sermoniS,
721 2549 817 2601 sed
870 2549 1005 2620 quid
1055 2550 1193 2602 mihi
1248 2550 1490 2603 scientiae
1544 2549 1942 2602 comedendum
1995 2556 2294 2619 apponeret

184 2651 334 2685 atorem
389 2636 704 2689 nominatus
744 2636 894 2706 apud
932 2655 1026 2690 eos
1064 2638 1158 2689 ille
1199 2638 1453 2702 Faustus,
1479 2637 1748 2690 intuebar.
1827 2638 1997 2689 Fama
2037 2636 2183 2688 enim
2223 2635 2290 2687 de

182 2713 369 2796 2333&
388 2722 482 2774 illo
516 2725 817 2792 praelocuta
849 2724 986 2776 mihi
1021 2731 1136 2776 erat
1170 2724 1320 2794 quod
1345 2730 1490 2776 esset
1514 2724 1864 2776 honestarum
1892 2722 2134 2774 omnium
2161 2720 2289 2774 doc-

180 2818 286 2852 runt.
386 2809 647 2862 trinarum
672 2811 1055 2879 peritissimus,
1083 2818 1138 2863 et
1162 2810 1407 2879 apprime
1436 2809 1744 2879 disciplinis
1769 2809 2086 2862 liberalibus
2113 2807 2290 2860 erudi-

387 2902 491 2948 tus.
558 2898 636 2948 Et
661 2898 922 2966 quoniam
948 2899 1120 2949 multa
1143 2897 1600 2966 philosophorum
1625 2898 1880 2964 legeram,
1906 2894 2288 2964 memoriaeque

388 2982 648 3035 mandata
683 2984 1003 3047 retinebam,
1031 3001 1102 3035 ex
1142 2983 1222 3034 eis
1258 2982 1509 3052 quaedam
1544 2983 1925 3051 comparabam
1958 2981 2069 3033 illis
2105 2981 2286 3034 Mani-

391 3068 666 3121 chaeorum
692 3070 875 3137 longis
900 3068 1155 3121 fabulise:
1198 3077 1252 3122 et
1274 3068 1408 3120 mihi
1436 3067 1806 3138 probabiliora
1823 3067 1929 3120 ista
1947 3066 2287 3132 videbantur,

183 3171 280 3226 Sap.
301 3172 368 3221 13,
391 3173 514 3225 quae
555 3154 813 3208 dixerunt
850 3155 949 3219 illi,
990 3157 1087 3225 qui
1127 3162 1347 3207 temtum
1387 3161 1691 3222 potuerunt
1729 3156 1926 3218 valere,
1969 3161 2030 3206 ut
2064 3162 2287 3220 possent

182 3228 224 3273 9,
248 3226 329 3267 vid.
389 3244 664 3295 aestimare
689 3244 967 3307 seeculzcm,
996 3260 1311 3313 quanquam
1335 3241 1455 3310 eju-s·
1480 3242 1784 3293 Dominum
1812 3242 2041 3292 minime
2068 3242 2283 3294 invene-

182 3282 524 3397 Ξῖῗῗξςγῃήηΐ.
604 3329 877 3389 Quoniam
925 3346 1160 3397 maynus
1209 3346 1282 3392 es,
1328 3328 1586 3391 Domine,
1630 3333 1685 3379 et
1727 3328 1967 3379 humilia
2017 3329 2246 3395 respicis
2261 3349 2280 3385 ‚-

182 3404 224 3509 (13)·
275 3472 327 3511 33
390 3419 606 3470 excelsa
631 3425 819 3470 autem
847 3437 884 3470 a
908 3419 1063 3486 Ionye
1091 3419 1389 3485 cqqnoscis:
1433 3434 1534 3468 nec
1563 3417 1908 3485 propinquas
1935 3416 2043 3468 nisi
2070 3415 2286 3468 obtritis

184 3483 255 3565 193.
269 3541 308 3567 v.
333 3501 345 3519 ⁵

184 3581 278 3621 sab·
448 3596 469 3626 ‘¹
499 3597 671 3636 Faustus
706 3596 871 3650 quidam
910 3595 998 3643 fuit,
1035 3602 1153 3650 gente
1193 3594 1309 3643 Afer,
1365 3593 1488 3648 patris
1515 3593 1575 3634 sui
1608 3592 1775 3634 hominis
1815 3593 2001 3648 pauperis
2041 3592 2279 3634 Milevitani.

391 3649 547 3692 civitate
562 3651 838 3701 Milevitanus,
858 3651 1016 3705 eloquio
1035 3651 1180 3699 suavis,
1198 3650 1310 3704 inge·
1366 3648 1444 3702 (ib.
1457 3663 1499 3689 v.
1512 3648 1576 3701 5.)
1609 3648 1787 3689 Delicias
1799 3648 1949 3697 Fausti,
1965 3654 2078 3689 notas
2096 3648 2282 3688 omnibus

390 3704 458 3745 nio
496 3706 681 3746 callidus.
729 3706 838 3760 Aug.
865 3720 901 3748 c.
939 3707 1076 3747 Faust.
1105 3707 1133 3746 l.
1163 3705 1190 3747 i.
1223 3705 1306 3745 init.
1365 3702 1623 3744 Auditor-ibus
1640 3704 1962 3744 Manichaeorum
1976 3709 2017 3743 et
2030 3702 2088 3743 eis
2106 3703 2280 3743 maxime

391 3759 639 3801 Deliciarum
663 3761 867 3802 affluentia
895 3775 976 3802 nou
1002 3763 1132 3803 solum
1154 3762 1306 3801 Matta·
1362 3758 1539 3814 quisunt
1551 3759 1705 3799 Romae.
1723 3757 1877 3813 (iba.)
1901 3759 1998 3799 Erat
2010 3757 2158 3798 Fausto
2168 3758 2281 3812 inge-

391 3813 467 3854 rios
489 3815 768 3868 [Manichaeos
786 3816 841 3856 ita
854 3816 984 3858 dictos
998 3817 1093 3870 quia
1111 3816 1155 3856 in
1173 3814 1307 3856 mattis
1362 3813 1489 3855 nium.
1519 3813 1599 3868 (ib.
1618 3813 1704 3855 xvi.
1721 3814 1818 3865 26.)

389 3869 656 3924 dormierunt]
673 3870 910 3922 fastidiebat,
922 3873 991 3914 sed
1003 3871 1124 3914 etiam
1138 3871 1303 3912 domum
1416 3876 1436 3900 e
1467 3868 1565 3912 Vid.
1583 3882 1620 3911 e.
1639 3883 1679 3924 g.
1697 3883 1788 3925 sup.
1809 3870 1860 3911 L.
1879 3867 1931 3910 iii.
1956 3880 1996 3910 c.
2012 3867 2052 3909 6.
2074 3874 2157 3910 not.
2179 3881 2218 3909 c.
