2378 4134
218 1524 314 1565 XV.

175 1579 297 1627 Quod

173 1648 356 1690 corpora-

174 1691 280 1730 libus

175 1746 362 1800 imagini-

175 1802 251 1841 bus
267 1816 361 1842 con-

174 1858 355 1898 tenebra-

174 1919 256 1962 tus,
279 1927 361 1954 non

174 1969 306 2023 potuit

174 2038 317 2079 capere

174 2081 332 2133 spiritu-

174 2136 272 2178 alia.

176 2204 245 2244 Ps.
271 2206 363 2252 135,

387 240 457 291 58
866 238 920 293 S.
961 237 1407 295 AUGUSTINI
1447 237 1807 294 EPISCOPI

384 371 514 442 ipsi,
546 379 601 426 et
637 370 997 444 vituperando
1035 379 1199 444 atque
1238 372 1544 444 spernendo
1578 391 1644 427 ea
1674 372 1800 443 ipsa
1834 379 2128 438 narrarent,
2163 391 2275 426 non

385 458 709 513 accenderer
739 459 799 512 in
836 477 963 514 eum
997 466 1054 514 et
1083 479 1196 514 non
1231 461 1516 515 excitarer.
1593 460 1672 513 Et
1707 467 1851 514 certe
1883 477 1972 513 res
2004 477 2116 514 non
2153 460 2275 515 aliae

382 545 575 612 forent,
608 565 711 601 nec
740 547 908 600 homo
943 547 1064 619 ipse
1098 547 1265 613 alius3
1325 545 1423 600 sed
1459 544 1837 600 tantummodo
1872 547 2013 600 alius
2047 549 2276 601 affectus

381 633 732 687 narrantium.
809 635 962 688 Ecce
992 635 1090 688 ubi
1118 634 1271 706 jacet
1303 634 1487 687 anima
1519 633 1754 699 infirma,
1786 633 2032 687 nondum
2063 635 2277 688 haerens

383 720 647 774 soliditati
689 721 945 775 veritatis
1038 721 1196 775 Sicut
1246 739 1391 774 aurae
1441 721 1754 790 linguarum
1791 721 2041 773 flaverint
2077 739 2112 774 a
2147 739 2276 792 pec-

381 808 592 862 toribus
622 809 994 879 opinantium;
1047 809 1126 862 ita
1154 810 1321 863 fertur
1350 815 1405 862 et
1432 808 1673 873 vertitur,
1700 814 1983 878 torquetur
2012 825 2076 861 ac
2110 814 2276 862 retor-

381 904 593 968 quetur,
621 903 676 949 et
706 895 1060 949 obnubilatur
1095 895 1146 949 ei
1179 897 1383 961 lumen,
1410 901 1465 948 et
1496 913 1609 948 non
1642 894 1878 948 cernitur
1909 895 2123 949 veritae.
2201 897 2280 949 Et

380 1002 509 1037 ecce
536 990 620 1036 est
644 990 769 1035 ante
794 1001 912 1035 nos.
991 985 1070 1036 Et
1100 1001 1361 1052 magnum
1397 981 1659 1054 quiddam
1692 982 1830 1035 mihi
1864 990 1994 1048 erat,
2022 983 2068 1036 si
2103 1001 2278 1037 sermo

378 1089 532 1124 meus
558 1077 613 1123 et
639 1070 821 1124 studia
844 1089 968 1124 mea
991 1071 1074 1123 illi
1100 1071 1217 1124 viro
1243 1071 1663 1125 innotescerent.
1742 1071 1881 1132 Quae
1920 1071 1968 1124 si
2003 1073 2278 1141 probaret,

378 1159 663 1226 flagrarem
689 1159 867 1226 magis
881 1178 895 1223 ;
937 1158 983 1211 si
1011 1165 1195 1212 autem
1220 1158 1571 1229 improbaret,
1599 1157 1935 1211 sauciaretur
1960 1176 2054 1211 cor
2077 1177 2277 1212 vanum

379 1253 434 1299 et
482 1247 645 1300 inane
697 1246 988 1300 soliditatis
1027 1254 1152 1300 tuae.
1250 1249 1328 1300 Et
1370 1254 1555 1301 tamen
1597 1246 1891 1317 pulchrum
1932 1245 2073 1299 illud
2113 1252 2277 1318 atque

378 1340 586 1405 aptum,
614 1333 760 1386 unde
787 1333 858 1387 ad
884 1353 1010 1387 eum
1038 1334 1381 1404 scripseram,
1408 1335 1642 1388 libenter
1666 1334 1849 1386 animo
1876 1335 2178 1400 versabam,
2206 1336 2276 1387 ob

379 1439 440 1473 os
467 1421 948 1492 contemplationis
973 1439 1111 1475 meae
1123 1418 1167 1486 ³³,
1194 1428 1250 1474 et
1273 1422 1427 1474 nullo
1456 1420 1823 1475 collaudatore
1848 1419 2100 1473 mirabar.

453 1513 541 1561 24.
584 1508 704 1563 Sed
724 1514 888 1562 tantae
922 1508 1000 1562 rei
1039 1507 1318 1562 cardinem
1351 1508 1411 1561 in
1450 1515 1562 1561 arte
1595 1515 1691 1561 tua
1723 1507 1969 1560 nondum
2004 1507 2277 1572 videbam,

380 1596 763 1666 OmnipotenS,
780 1597 1048 1666 quifacis
1066 1595 1352 1648 mirabilia
1371 1597 1543 1648 solus:
1578 1603 1634 1648 et
1650 1594 1768 1647 ibat
1783 1595 1997 1648 animus
2012 1612 2166 1647 meus
2181 1612 2279 1663 per

378 1683 580 1737 formas
599 1701 917 1754 corporeas3
959 1690 1015 1736 et
1030 1685 1063 1710 “
1084 1683 1426 1753 pulchrum,''
1445 1682 1596 1754 quod
1611 1700 1707 1753 per
1727 1682 1987 1753 seipsum,
2005 1682 2037 1708 “
2058 1682 2277 1752 aptum'’

378 1778 580 1837 autem,
620 1771 770 1843 quod
807 1772 878 1825 ad
914 1772 1127 1843 aliquid
1162 1772 1652 1837 accommodatum,
1680 1771 1914 1835 deceret,
1947 1770 2278 1824 definiebam

379 1866 435 1911 et
465 1858 892 1928 distinguebam,
928 1866 983 1912 et
1016 1859 1288 1930 exemplis
1327 1859 1602 1930 corporeis
1639 1860 1963 1912 astruebam.
2041 1859 2118 1910 Et
2149 1875 2276 1910 con-

378 1947 514 1999 verti
549 1965 637 1999 me
673 1946 744 2000 ad
778 1946 947 2000 animi
980 1954 1256 2012 naturam3
1313 1954 1367 2000 et
1398 1965 1512 1999 non
1547 1964 1635 1998 me
1672 1946 1888 1998 sinebat
1920 1944 2057 1998 falsa
2090 1944 2279 2015 opinio

380 2052 545 2104 quam
573 2033 641 2086 de
669 2033 1045 2104 spiritualibus
1078 2033 1371 2098 habebam,
1398 2051 1586 2085 verum
1620 2049 1854 2085 cernere.
1932 2032 2010 2083 Et
2041 2030 2280 2082 irruebat

379 2120 438 2171 in
467 2120 656 2172 oculos
683 2121 806 2190 ipsa
830 2120 914 2172 vis
946 2120 1076 2185 veri,
1105 2126 1159 2172 et
1193 2121 1502 2173 avertebam
1532 2119 1895 2189 palpitantem
1929 2124 2168 2170 mentem
2207 2117 2276 2169 ab

380 2208 701 2277 incorporea
732 2226 790 2260 re
830 2206 901 2260 ad
937 2207 1286 2272 lineamenta,
1322 2215 1377 2260 et
1406 2207 1634 2270 coloreS,
1665 2212 1720 2258 et
1758 2211 2028 2257 tumentes
2067 2204 2277 2271 magni-

380 2293 614 2348 tudines.
692 2295 771 2346 Et
797 2293 928 2365 quia
952 2312 1064 2346 non
1098 2303 1343 2365 poteram
1378 2312 1444 2346 ea
1476 2292 1658 2346 videre
1694 2293 1752 2345 in
1789 2292 1990 2357 animo,
2017 2292 2277 2361 putabam

379 2400 467 2434 me
518 2399 631 2434 non
682 2398 845 2451 posse
895 2380 1078 2434 videre
1131 2380 1372 2433 animum
1423 2399 1620 2432 meum.
1706 2380 1785 2432 Et
1822 2398 1948 2432 cum
1987 2380 2044 2431 in
2087 2379 2279 2431 virtute

380 2487 576 2539 pacem
603 2486 858 2533 amarem,
886 2468 944 2520 in
979 2468 1274 2521 vitiositate
1309 2474 1490 2520 autem
1530 2466 1768 2519 odissem
1807 2465 2165 2528 discordiam3
2220 2466 2278 2516 in

379 2556 477 2609 1113
508 2556 793 2621 unitatem,
829 2555 886 2607 in
924 2555 1032 2608 ista
1065 2554 1360 2625 quamdam
1396 2554 1721 2606 divisionem
1747 2554 2022 2606 notabam.
2099 2553 2279 2623 Inque

380 2643 476 2695 illa
500 2643 710 2695 unitate
735 2661 891 2695 mens
922 2641 1234 2695 rationalise
1261 2649 1315 2694 et
1337 2648 1532 2694 natura
1556 2640 1800 2693 veritatis
1827 2659 1890 2693 ac
1920 2639 2116 2692 summi
2145 2639 2278 2692 boni

378 2729 515 2781 mihi
542 2748 662 2782 esse
688 2729 998 2782 videbatur:
1040 2730 1099 2781 in
1124 2730 1232 2782 ista
1256 2747 1384 2781 vero
1411 2728 1680 2781 divisione
1705 2727 2094 2782 irrationabilis
2112 2724 2276 2779 vitae*

378 2816 566 2868 nescio
606 2834 772 2885 quam
811 2816 1174 2868 substantiam
1211 2822 1267 2868 et
1301 2822 1551 2868 naturam
1588 2816 1785 2867 summi
1819 2814 1970 2879 mali,
2009 2832 2132 2885 quae
2166 2831 2277 2865 non

381 2903 557 2955 solum
584 2909 728 2955 esset
754 2903 1080 2967 substantia,
1110 2901 1206 2954 sed
1233 2902 1455 2954 omnino
1483 2901 1596 2953 vita
1623 2909 1784 2966 esset,
1810 2908 1865 2954 et
1889 2907 2072 2953 tamen
2100 2901 2199 2952 abs
2223 2906 2277 2952 te

378 3006 490 3040 non
531 2995 690 3054 esset,
731 2990 885 3042 Deus
923 3007 1096 3053 meUS,
1129 3007 1200 3040 ex
1242 3005 1352 3058 quo
1393 2993 1520 3039 sunt
1558 2988 1758 3053 omnia,
1793 2987 1957 3039 miser
1995 2987 2275 3056 opinabar.

379 3076 456 3127 Et
481 3082 663 3128 tamen
687 3077 839 3129 illam
859 3074 1149 3128 monadem
1169 3074 1535 3143 appellabam,
1554 3079 1817 3144 tanquam
1837 3074 1953 3126 sine
1970 3075 2083 3126 ullo
2107 3075 2277 3126 sexu'K

378 3170 618 3215 mentem
638 3161 662 3184 '²
686 3184 700 3228 ;
764 3164 908 3216 hanc
960 3181 1087 3215 vero
1140 3160 1392 3231 dyadem,
1434 3161 1571 3214 iram
1634 3162 1693 3213 in
1748 3161 2100 3226 facinoribus,
2149 3160 2275 3213 libi-

380 3247 564 3299 dinem
602 3247 660 3298 in
699 3247 940 3316 flagitiis,
966 3246 1219 3299 nesciens
1259 3244 1393 3315 quid
1429 3246 1695 3315 loquerer.
1762 3246 1892 3297 Non
1927 3244 2073 3296 enim
2110 3262 2275 3297 nove-

379 3352 495 3387 ram
534 3352 715 3405 neque
759 3333 1076 3398 didiceram,
1119 3351 1221 3386 nec
1265 3333 1433 3384 ullam
1477 3332 1838 3385 substantiam
1882 3333 2085 3384 malum
2138 3349 2275 3395 esse,

436 3472 456 3494 θ
487 3468 602 3508 Licet
633 3466 886 3508 subtilissime
917 3466 1142 3512 disseratur,
1172 3466 1299 3520 ipsam
1356 3464 1433 3505 hac
1453 3465 1777 3519 obtemperante:
1810 3464 1849 3504 in
1881 3464 1957 3505 hac
1987 3470 2121 3504 tamen
2148 3463 2275 3504 distri-

381 3530 554 3564 mentem
575 3522 746 3563 hominis
764 3522 805 3562 in
822 3535 905 3577 qua
923 3522 1051 3562 factus
1063 3528 1122 3563 est
1134 3522 1185 3562 ad
1202 3521 1296 3561 ima·
1357 3519 1520 3561 butione
1540 3533 1620 3559 non
1640 3527 1746 3560 recte
1765 3519 1909 3560 dicitur
1927 3519 2059 3574 imago
2082 3519 2176 3566 Dei,
2199 3517 2271 3559 nisi

382 3578 513 3631 ginem
535 3578 630 3627 Dei,
650 3579 867 3632 quamdam
886 3576 1041 3619 scilicet
1068 3575 1300 3617 rationalem
1357 3575 1460 3616 illud
1478 3576 1585 3629 quod
1605 3574 1773 3616 inhaeret
1784 3575 2100 3630 contemplandae
2120 3574 2272 3614 incom-

382 3633 711 3681 vitam,distribui
728 3633 771 3673 in
785 3640 943 3674 aeternae
959 3631 1303 3685 contemplationis
1358 3630 1542 3671 mutabili
1570 3630 1735 3671 veritati.
1781 3631 1889 3685 Aug.
1918 3632 1968 3671 de
1999 3630 2105 3670 Gen.
2133 3630 2183 3669 ad
2214 3628 2274 3671 lit.

383 3689 601 3734 veritatem,
621 3695 663 3729 et
688 3689 729 3728 in
757 3702 890 3730 rerum
919 3688 1198 3751 temporalium
1229 3687 1299 3727 ad-
1356 3686 1384 3726 1.
1406 3685 1462 3727 iii.
1484 3699 1523 3726 0.
1542 3687 1610 3726 22.

381 3742 726 3791 ministrationem,
747 3750 868 3799 atque
886 3744 942 3784 ita
961 3744 1046 3785 fieri
1063 3743 1177 3798 quasi
1195 3755 1299 3783 mas-
1412 3735 1432 3769 f
1461 3741 1580 3782 Haud
1600 3741 1681 3783 scio
1702 3754 1754 3782 an
1774 3741 1986 3796 legendum
2000 3739 2048 3781 sit
2066 3730 2272 3780 “sensus

383 3797 521 3839 culum
541 3804 582 3839 et
600 3798 807 3850 feminam,
826 3798 900 3840 illa
918 3806 1030 3854 parte
1049 3797 1298 3845 consulente,
