2378 4134
563 213 1184 266 *CONFESSIONUM
1223 211 1464 264 LIBER
1500 211 1569 262 X.
1894 211 1996 262 183

100 368 102 370 ’
137 353 315 400 utrum
346 345 490 398 beati
525 362 642 396 esse
676 344 887 407 vellent,
926 343 1041 396 sine
1073 344 1185 397 ulla
1227 341 1579 406 dubitatione,
1605 341 1744 392 velle
1777 357 1998 409 respon-

141 431 338 486 derent.
416 429 577 490 Quod
608 446 718 480 non
751 428 922 494 fieret,
948 429 1054 482 nisi
1078 447 1164 481 res
1195 428 1319 498 ipsa
1343 425 1501 497 cujus
1536 426 1641 479 hoc
1668 439 1865 478 nomen
1901 431 2001 490 est,

137 533 318 569 eorum
341 515 597 567 memoria
621 521 902 566 teneretur.
1661 554 1665 558 .

213 605 300 653 30.
340 598 620 670 Numquid
646 599 723 652 ita
748 599 844 652 ut‘
862 599 1106 652 meminit
1125 598 1510 665 Carthaginem
1538 596 1630 666 qui
1650 595 1815 649 vidit?
1846 599 1999 649 Non:
2057 605 2176 646 XXI.

139 687 247 738 vita
289 685 431 738 enim
473 686 632 737 beata
674 703 784 737 non
835 685 1047 737 videtur
1096 684 1288 748 0611115,
1327 682 1457 753 quia
1499 699 1611 733 non
1661 688 1743 733 est
1787 661 2194 751 corpus.Q¹¹⁰¹¹'⁰‘

2017 714 2068 754 do
2090 729 2173 754 me-

143 769 420 840 Numquid
464 769 606 822 sicut
648 770 988 822 meminimus
1031 765 1312 821 numeros?
1362 768 1516 819 Non:
1561 766 1663 818 hos
1709 766 1853 818 enim
1907 767 1998 836 qui
2018 768 2147 809 moria

138 857 303 908 habet
322 855 376 906 in
395 855 606 920 notitia,
626 874 734 907 non
759 855 936 908 adhuc
959 854 1151 925 quaerit
1170 853 1428 923 adipisci3
1455 852 1622 904 vitam
1641 870 1767 904 vero
1786 853 2000 904 beatam
2019 823 2181 917 ῗῇζξὲπι

141 942 398 994 habemus
425 942 482 992 in
509 941 720 1004 notitia,
745 940 976 1010 ideoque
1004 957 1244 992 amamus
1257 952 1301 1002 *‚
1327 946 1380 990 et
1411 944 1591 990 tamen
1627 936 1857 1006 adipisci
1884 955 2001 990 eam
2016 931 2208 973 eontinet.

139 1027 382 1078 volumus
403 1033 462 1078 ut
479 1026 624 1078 beati
645 1027 828 1078 simus,
907 1023 1190 1094 Numquid
1216 1023 1356 1076 sicut
1378 1023 1723 1075 meminimus
1745 1024 2002 1092 eloquen-

139 1110 298 1164 tiam?
349 1112 500 1163 Non:
542 1112 787 1180 quamvis
807 1112 950 1163 enim
964 1108 986 1131 *
1009 1117 1063 1163 et
1086 1110 1192 1162 hoc
1211 1110 1428 1161 nomine
1454 1108 1639 1161 audito
1659 1109 2006 1162 recordentur

139 1197 312 1266 ipsam
338 1215 447 1248 rem
475 1197 570 1266 qui
604 1198 765 1250 etiam
798 1196 1038 1250 nondum
1074 1203 1199 1248 sunt
1231 1196 1564 1264 eloquenteS,
1589 1195 1853 1265 multique
1886 1214 2003 1247 6556

139 1282 378 1351 cupiant,
404 1281 547 1333 unde
579 1290 801 1351 apparet
834 1301 950 1334 eam
979 1300 1096 1334 esse
1129 1282 1186 1332 in
1222 1299 1406 1332 eorum
1445 1280 1666 1344 notitia3
1706 1287 1884 1332 tamen
1909 1299 2006 1350 per

140 1368 378 1436 corporis
405 1385 593 1418 56115115
623 1367 756 1419 alios
793 1368 1106 1436 eloquentes
1143 1364 1632 1418 animadverterunt
1667 1372 1720 1417 et
1754 1365 2003 1418 delectati

141 1461 266 1505 sunt
307 1462 360 1505 et
407 1454 513 1505 hoc
566 1472 682 1506 esse
735 1453 1043 1505 desiderant
1096 1451 1425 1522 (quanquam
1477 1452 1582 1503 ni'si
1635 1471 1704 1504 ex
1754 1453 2003 1504 interiore

140 1534 363 1591 notitia*
409 1557 518 1589 non
557 1538 964 1604 delectarentur,
1006 1557 1181 1608 neque
1219 1538 1324 1590 hoc
1365 1555 1481 1589 esse
1520 1538 1719 1589 vellent
1757 1538 1863 1590 nisi
1914 1537 2003 1590 de-

141 1626 509 1691 lectarentur);
548 1626 760 1676 beatam
795 1642 918 1676 vero
940 1625 1104 1676 vitam
1138 1625 1286 1674 nullo
1321 1641 1482 1675 sensu
1518 1621 1757 1692 corporis
1791 1624 1847 1674 in
1884 1624 2004 1675 aliis

138 1711 463 1778 experimur.
544 1710 827 1780 Numquid
867 1710 1006 1762 sicut
1044 1709 1385 1760 meminimus
1426 1707 1712 1775 gaudium?
1757 1710 2004 1761 Fortasse

141 1796 231 1847 ita.
311 1798 451 1848 Nam
487 1795 743 1863 gaudium
782 1814 959 1847 meum
995 1796 1157 1848 etiam
1197 1794 1361 1847 tristis
1395 1795 1632 1856 memini,
1661 1795 1802 1846 sicut
1841 1795 2005 1846 vitam

139 1883 353 1933 beatam
378 1871 560 1933 miser:
602 1899 776 1950 neque
803 1900 1041 1950 unquam
1070 1881 1308 1949 corporis
1348 1899 1508 1932 sensu
1545 1880 1800 1947 gaudium
1827 1899 2005 1932 meum

142 1968 225 2018 vel
253 1966 381 2030 vidi,
407 1967 491 2017 vel
526 1966 727 2032 audivi,
754 1968 839 2018 vel
873 1966 1124 2018 odoratus
1162 1985 1299 2028 sum,
1326 1967 1409 2016 vel
1445 1967 1677 2033 gustavi,
1703 1967 1786 2017 vel
1822 1966 2004 2033 tetigi3

139 2051 238 2103 sed
254 2058 505 2120 expertus
527 2070 643 2103 sum
663 2052 720 2102 in
741 2052 918 2103 animo
939 2070 1058 2103 meo
1082 2050 1296 2120 quando
1314 2052 1527 2103 laetatus
1549 2070 1684 2115 sum,
1707 2058 1759 2103 et
1780 2051 2008 2103 adhaesit

138 2136 258 2206 ejus
283 2136 476 2188 notitia
500 2137 768 2188 memoriae
804 2155 954 2201 meae,
982 2145 1041 2188 ut
1074 2136 1130 2188 id
1164 2136 1435 2188 reminisci
1471 2138 1678 2189 valeam
1713 2137 2006 2206 aliquando

140 2241 266 2274 cum
292 2222 682 2290 aspernatione,
709 2222 1001 2291 aliquando
1030 2241 1152 2274 cum
1188 2221 1470 2286 desideriO,
1499 2241 1597 2290 pro
1626 2241 1805 2275 earum
1834 2242 2007 2275 rerum

141 2307 446 2360 diversitate
473 2307 537 2358 de
574 2308 771 2377 quibus
805 2327 889 2359 me
927 2308 1169 2375 gavisum
1203 2326 1319 2358 esse
1356 2307 1592 2358 memini.
1673 2310 1813 2359 Nam
1852 2318 1907 2360 et
1942 2309 2007 2360 de

143 2393 394 2460 turpibus
422 2392 619 2459 gaudio
661 2392 894 2462 quodam
922 2394 1169 2461 perfusus
1197 2411 1331 2455 sum,
1361 2393 1507 2461 quod
1542 2412 1683 2444 nunc
1721 2394 2008 2446 recordans

143 2477 377 2530 detestor
403 2485 565 2547 atque
592 2496 868 2541 exsecror3
909 2477 1202 2548 aliquando
1231 2477 1296 2529 de
1320 2479 1481 2529 bonis
1502 2485 1555 2529 et
1579 2479 1839 2542 honestiS,
1863 2480 2008 2548 quod

144 2563 456 2614 desiderans
502 2564 700 2626 recolo,
740 2564 950 2615 tametsi
994 2564 1127 2615 sorte
1171 2581 1279 2614 non
1324 2562 1536 2628 adsunt,
1574 2571 1630 2615 et
1673 2563 1795 2615 ideo
1842 2566 2007 2616 tristis

145 2648 402 2714 gaudium
429 2648 713 2716 pristinum
739 2650 936 2700 recolo.

217 2736 301 2783 31.
346 2733 456 2784 Ubi
483 2751 609 2800 ergo
635 2743 689 2786 et
714 2734 930 2803 quando
966 2742 1218 2802 expertus
1245 2754 1362 2786 sum
1397 2735 1560 2786 vitam
1588 2754 1759 2787 meam
1795 2737 2010 2788 beatam

142 2826 204 2870 111
227 2818 470 2870 recorder
495 2837 630 2883 eam,
658 2828 710 2871 et
735 2838 907 2871 amem
934 2828 987 2871 et
1020 2819 1347 2872 desiderem?
1380 2822 1496 2872 Nec
1526 2839 1626 2887 ego
1661 2829 1886 2884 tantum,
1914 2831 2006 2874 aut

143 2922 266 2956 cum
309 2904 516 2972 paucis,
543 2905 638 2956 sed
675 2906 821 2958 beati
860 2924 1077 2974 prorsus
1123 2924 1306 2958 omnes
1342 2925 1463 2958 6556
1505 2907 1766 2959 volumus.
1845 2908 2006 2968 Quod

143 2988 247 3039 nisi
274 2996 419 3041 certa
443 2990 635 3042 notitia
660 3009 955 3054 nossemus,
983 3011 1092 3043 non
1120 2999 1228 3044 tam
1258 3000 1402 3044 certa
1428 2994 1705 3044 voluntate
1731 2995 2003 3046 vellemus.

146 3072 255 3124 Sed
282 3073 413 3142 quid
439 3082 519 3125 est
550 3075 655 3127 hoc
692 3075 824 3144 quid
859 3076 902 3126 si
940 3084 1207 3145 quaeratur
1243 3096 1274 3128 a
1309 3077 1538 3141 duobus,
1565 3086 1742 3130 utrum
1779 3079 2005 3130 militare

146 3159 327 3222 velint,
354 3160 468 3210 fieri
495 3161 669 3229 possit
694 3169 753 3213 ut
787 3163 918 3214 alter
952 3181 1135 3214 eorum
1170 3164 1306 3214 velle
1343 3182 1417 3226 se,
1445 3165 1578 3215 alter
1611 3164 1753 3214 nolle
1788 3181 2005 3231 respon-

147 3242 293 3295 deat:
353 3245 398 3296 si
444 3252 620 3298 autem
668 3248 736 3298 ab
788 3247 866 3297 eis
911 3243 1196 3316 quaeratur,
1235 3255 1413 3299 utrum
1459 3266 1575 3299 esse
1627 3249 1771 3299 beati
1825 3249 2007 3311 velint,

146 3333 368 3397 uterque
409 3348 464 3380 se
501 3331 680 3382 statim
717 3330 831 3383 51116
866 3332 976 3383 ulla
1010 3331 1344 3384 dubitatione
1381 3331 1525 3384 dicat
1558 3340 1769 3400 optare;
1810 3351 1910 3385 nec
1938 3335 2007 3384 ob

147 3412 293 3463 aliud
329 3413 456 3465 velit
488 3414 580 3466 ille
614 3415 858 3477 militare,
884 3434 981 3467 nec
1020 3418 1088 3467 ob
1129 3416 1275 3467 aliud
1311 3416 1410 3467 iste
1449 3417 1601 3478 nolit,
1635 3417 1739 3468 nisi
1774 3425 1833 3468 ut
1864 3418 2009 3469 beati

145 3495 284 3547 sint?
353 3499 536 3549 Num*
589 3501 720 3551 forte
773 3500 1028 3570 quoniam
1080 3500 1217 3551 alius
1261 3501 1407 3564 hinc,
1453 3501 1591 3552 alius
1640 3500 1765 3554 inde
1813 3501 2011 3569 gaudet

148 3582 223 3634 ita
271 3600 326 3634 se
379 3602 565 3636 omnes
608 3587 795 3638 beatos
846 3605 961 3638 esse
1013 3588 1149 3638 velle
1201 3596 1517 3653 consonant,
1556 3587 2008 3657 quemadmodum

148 3676 521 3733 consonarent,
563 3670 606 3722 si
650 3671 753 3724 hoc
792 3671 1258 3739 interrogarentur,
1287 3691 1341 3724 56
1381 3674 1516 3725 velle
1561 3673 1809 3740 gaudere,
1849 3682 2008 3743 atque
