2378 4134
293 198 395 243 318
1098 190 1378 242 INDEX.

356 328 442 370 SS.
473 328 656 370 Gervasii
685 336 727 370 et
757 328 942 376 Protasii,
967 329 1062 369 155.
1099 329 1215 370 Deus

348 391 526 426 tentatur
543 397 634 425 cum
661 384 858 426 miracula
882 383 1116 436 flagitantur
1134 398 1214 424 non

350 439 403 480 ad
422 440 610 488 salutem,
630 441 700 482 sed
721 441 774 481 ad
794 439 1100 494 experientiam,
1122 442 1214 481 195.

294 495 591 546 Misericordia,
621 497 692 546 28,
719 505 760 538 et
791 509 829 535 u.
867 494 997 550 qualis
1023 495 1075 537 sit
1104 508 1213 543 vera,

350 550 407 591 ib.

295 605 574 647 Misericordia
609 606 701 648 Dei.
753 607 829 646 Vae
859 605 982 646 etiam
1019 604 1215 646 laudabili

349 662 458 709 vitae,
479 661 512 701 si
532 662 646 703 Deus
664 669 814 703 remota
834 661 1106 702 misericordia
1124 674 1214 702 eam

349 717 552 765 discutiat,
579 719 673 759 166.
713 719 880 771 Magnae
909 725 1002 756 sunt
1021 730 1138 757 voces
1165 716 1215 755 ad

350 773 661 814 misericordiam
684 774 779 821 Dei,
801 773 936 814 tacitae
958 773 1215 812 contritiones

351 828 489 875 animi,
512 831 600 868 111.

294 884 514 924 Modestia.
593 882 800 923 Pulchrior
844 888 905 923 est
950 882 1217 936 temperantia

352 940 477 979 animi
498 939 694 979 inscitiam
717 952 830 978 suam
853 937 1077 978 confitentis
1093 951 1215 993 quam

351 995 515 1035 scientia
534 1007 680 1041 rerum,
698 995 764 1034 70.

298 1050 508 1090 Molestias
527 1050 618 1090 vitae
649 1049 819 1089 tolerare
842 1048 960 1103 jubet
989 1048 1116 1096 Deus,
1137 1061 1217 1088 non

354 1119 503 1152 amare,
532 1107 622 1154 187,
644 1106 714 1145 28.

298 1160 592 1202 Monasterium
630 1158 861 1201 Mediolani
900 1158 1066 1211 plenum
1106 1158 1219 1199 bonis

351 1217 552 1266 fratribus,
574 1223 687 1258 extra
710 1215 815 1257 urbis
836 1214 1001 1261 moenia,
1020 1215 1095 1254 sub
1116 1214 1218 1254 Am-

351 1273 482 1313 brosio
503 1273 708 1319 nutritore,
734 1272 824 1311 135.
877 1271 1217 1311 Monasteriorum

351 1343 489 1383 greges
507 1330 548 1368 in
572 1331 767 1382 AEgypto,
793 1327 886 1373 134,
906 1333 945 1366 et
965 1340 1007 1367 n.

642 1385 879 1424 Mona-mi.

297 1439 496 1480 Monnica
533 1440 699 1479 Patricii
732 1438 898 1492 conjux,
930 1442 1054 1476 mater
1091 1431 1219 1488 Aug¹.

358 1497 449 1535 167.
488 1509 608 1548 quem
628 1502 666 1536 et
688 1508 809 1535 carne
830 1501 874 1534 ut
894 1492 936 1532 in
956 1492 1062 1531 hanc
1084 1491 1217 1532 lucem

354 1551 629 1605 temporalem,
658 1558 698 1591 et
727 1551 845 1590 corde
878 1556 921 1587 ut
951 1547 993 1586 in
1024 1554 1217 1587 aeternarn

354 1608 485 1646 lucem
545 1614 788 1652 nasceretur,
847 1602 1070 1659 parturivit,
1126 1604 1219 1645 157.

351 1664 524 1703 educata
559 1663 633 1702 fuit
673 1661 813 1717 pudice
852 1674 900 1700 ac
940 1659 1084 1706 sobrie,
1123 1660 1218 1700 159.

352 1717 392 1758 in
414 1718 532 1757 domo
552 1717 676 1766 fideli,
697 1719 801 1757 bono
823 1715 1004 1755 membro
1021 1714 1219 1755 Ecclesiae

354 1774 615 1822 Christianae‚
637 1774 693 1813 ib.
742 1774 837 1813 Non
859 1778 942 1810 tam
963 1783 1046 1810 suae
1067 1770 1218 1817 matris,

352 1843 474 1882 quarn
488 1829 698 1883 decrepitae
715 1828 925 1883 cujusdam
943 1825 1105 1866 famulae
1122 1839 1221 1866 cura

354 1886 404 1925 ad
424 1885 674 1925 honestatem
694 1884 989 1926 instituebatur,
1010 1881 1067 1921 ib.
1099 1882 1221 1922 immo

354 1940 568 1996 disciplina
597 1951 636 1980 et
664 1939 854 1993 regimine
876 1937 1044 1983 Christi,
1065 1950 1153 1976 eam
1181 1937 1222 1976 in

356 1996 437 2036 Dei
454 1996 690 2050 timorejam
706 2003 792 2036 tum
810 1994 1042 2039 erudientis,
1054 1992 1109 2033 ib.
1142 1994 1220 2033 Per

355 2051 562 2092 Christum
601 2051 765 2091 subdita
801 2049 1050 2104 parentibus,
1089 2048 1220 2102 potius

353 2120 473 2159 quam
491 2121 560 2161 per
576 2113 762 2162 parentes
778 2105 939 2146 subdita
957 2104 1116 2145 Christo
1132 2103 1219 2150 fuit,

354 2162 409 2202 ib.
432 2164 584 2203 Amore
599 2163 682 2203 vini
695 2161 888 2217 paulatim
905 2167 1039 2214 capta,
1057 2166 1222 2199 sanatur

354 2218 607 2259 insultatione
629 2219 785 2258 ancillae
816 2230 908 2258 cum
933 2229 983 2256 ea
1008 2214 1218 2268 litigantis,

358 2275 451 2322 158,
473 2275 540 2314 83.

411 2328 586 2369 Patricio
602 2327 691 2381 (cui
707 2325 781 2366 soli
794 2331 919 2380 nupta
931 2324 1022 2371 fuit,
1046 2323 1164 2375 167.)
1179 2323 1221 2363 in

354 2383 655 2424 matrimonium
677 2381 835 2430 tradita,
856 2379 1017 2421 servivit
1038 2379 1075 2420 ei
1095 2379 1220 2420 veluti

356 2439 552 2486 Domino,
576 2440 670 2488 159,
696 2439 762 2478 10.
799 2443 986 2490 satagens
1015 2449 1106 2476 eum
1130 2435 1221 2475 Deo

356 2495 518 2543 lucrari,
543 2495 637 2534 159.
693 2494 753 2534 Ut
782 2505 868 2532 sese
899 2492 1065 2546 gerebat
1091 2491 1132 2531 in
1164 2489 1221 2529 vi·

356 2565 442 2591 rum
480 2564 503 2590 a
537 2551 615 2590 fide
645 2563 694 2589 ac
730 2548 908 2588 moribus
944 2547 1069 2602 ipsius
1101 2546 1222 2599 longe

357 2606 550 2652 alienum,
580 2606 637 2645 ib.
689 2606 740 2645 In
770 2617 930 2644 socrum
961 2603 1151 2644 adversus
1181 2615 1223 2641 se

354 2662 548 2702 irritatam
565 2660 762 2701 malarum
780 2659 1020 2699 ancillarum
1036 2657 1222 2704 susurris,

357 2718 412 2757 ib.
474 2719 585 2770 Erga
623 2723 828 2757 matronas
866 2715 918 2755 de
955 2713 1108 2754 maritis
1144 2712 1225 2753 suis

357 2774 562 2827 querelam
603 2779 824 2820 moventes,
854 2770 908 2810 ib.
969 2772 1078 2823 Erga
1110 2768 1222 2809 dissi-

358 2831 498 2870 dentes
533 2835 574 2869 et
613 2828 815 2868 discordes
854 2826 956 2866 inter
993 2839 1034 2865 se
1073 2825 1224 2871 anima,

377 2886 466 2924 160.
485 2886 594 2936 Erga
611 2897 742 2924 servos
757 2882 852 2929 Dei,
869 2882 924 2923 ib.
953 2882 1062 2935 Erga
1079 2894 1226 2935 paren-

356 2950 429 2987 tes,
450 2940 694 2992 domumque
713 2951 842 2986 suam,
861 2937 917 2977 ib.

413 2994 593 3035 Nutrivit
621 2994 738 3042 filios,
763 2995 857 3032 162.
896 2991 1010 3032 toties
1035 3005 1103 3031 eos
1133 3004 1224 3045 par-

358 3051 524 3097 turienS,
537 3049 692 3102 quoties
706 3062 729 3087 a
741 3050 831 3088 Deo
844 3047 1002 3087 deviare
1018 3047 1223 3093 cernebat,

361 3107 415 3146 ib.
455 3106 596 3158 Augm.
609 3104 747 3159 spiritu
764 3102 976 3158 parturivit
991 3102 1131 3155 majori
1146 3102 1222 3141 sol-

357 3161 580 3205 licitudine,
603 3173 725 3213 quam
757 3171 875 3199 carne
907 3165 1131 3212 pepererat,
1155 3158 1224 3204 73,

363 3219 425 3257 10.
474 3218 597 3256 Hunc
618 3229 641 3255 a
662 3214 799 3269 primis
819 3215 936 3254 annis
958 3214 999 3252 in
1021 3212 1222 3252 Cateehu-

357 3285 565 3312 menorum
624 3271 750 3323 gradu
807 3268 1025 3316 constituit,
1073 3269 1114 3313 9,
1154 3270 1221 3308 31.

361 3329 551 3381 Cumque
592 3326 726 3366 adhuc
775 3338 873 3380 puer
923 3325 964 3364 in
1015 3324 1223 3379 repentino

361 3382 500 3422 mortis
551 3382 732 3436 periculo
779 3387 1015 3426 versaretur,
1054 3381 1224 3420 curabat

362 3438 644 3479 festinabunda
679 3444 724 3477 ut
754 3436 1017 3477 sacramentis
1042 3435 1227 3475 salutari-

362 3496 436 3534 bus
460 3493 682 3533 initiaretur
707 3499 749 3533 et
777 3493 1023 3537 ablueretur,
1046 3493 1111 3530 10.
1169 3492 1228 3531 Eo

359 3558 494 3589 tamen
534 3556 726 3596 recreato,
759 3547 1003 3602 baptismum
1043 3546 1226 3588 differen-

360 3606 457 3645 dum
477 3605 609 3652 duxit,
631 3604 688 3645 ib.

416 3661 550 3714 Augo.
589 3673 655 3699 an.
696 3665 762 3699 aet.
801 3658 868 3698 xvi
917 3666 1075 3710 agente,
1114 3658 1230 3697 Deus

355 3714 441 3766 jam
474 3715 727 3756 inchoaverat
748 3714 787 3754 in
807 3728 857 3754 ea
886 3715 1082 3768 templum
1111 3726 1228 3753 suum

362 3776 402 3810 et
421 3770 627 3811 exordium
657 3776 806 3811 sanctae
835 3769 1094 3810 habitationis
1126 3782 1227 3815 suae,

1326 329 1393 368 20.
1454 329 1519 369 Ex
1557 342 1638 383 quo
1672 329 1715 370 in
1747 329 1910 371 Christo
1957 339 2188 386 regenerata

1328 383 1418 430 fuit,
1438 383 1562 425 vitam
1583 385 1663 426 fide
1684 392 1725 426 et
1745 385 1924 427 moribus
1970 387 2187 442 raecipuam

1327 438 1423 492 egit,
1466 440 1558 480 166.
1614 441 1759 494 Augffl.
1794 447 1839 480 ut
1872 454 1897 482 a
1946 442 2190 486 ornicatione

1329 494 1582 550 maximeque
1631 496 1683 537 ab
1732 495 1927 537 adulterio
1963 497 2192 539 abhorreret

1327 562 1420 590 curn
1440 549 1594 603 ingenti
1623 551 1888 592 sollicitudine
1917 551 2186 603 admonebat3

1331 618 1490 646 uxorem
1511 614 1648 647 tamen
1676 607 1771 648 dare
1799 607 1976 657 nolebat,
1997 622 2077 663 quo
2095 622 2191 649 cou-

1327 659 1432 707 silio,
1452 663 1520 701 21.
1558 661 1703 702 Virum
1723 677 1839 704 suum
1860 664 1935 703 sub
1954 664 2077 718 ipsius
2094 663 2190 704 vitae

1327 715 1447 755 finem
1476 717 1527 756 ad
1559 717 1706 758 Christi
1735 719 1854 759 fidem
1885 719 2061 764 adducit,
2094 719 2187 762 160.

1329 773 1423 820 Quo
1441 771 1605 813 viduata
1630 781 1785 814 sumtus
1805 773 2062 814 nihilominus
2083 775 2191 828 (Rev

1328 827 1507 867 maniani
1535 841 1624 881 ope,
1652 830 1744 876 100,
1765 829 1831 881 n.)
1854 838 2040 884 procurat
2061 830 2192 883 Aug0.

1330 889 1427 922 tunc
1474 883 1583 937 apud
1625 884 1914 938 Carthaginem
1961 886 2192 926 Rhetoricae

1329 937 1519 983 studenti,
1540 940 1608 979 30.
1662 940 1786 981 Hunc
1811 940 1964 981 interea
1993 941 2033 980 in
2056 941 2194 981 Mani-

1327 993 1528 1034 chaeorum
1578 994 1747 1035 haeresin
1800 995 2030 1050 prolapsum
2063 996 2192 1050 luget,

1329 1049 1435 1089 horis
1466 1049 1654 1090 omnibus
1684 1050 1909 1091 orationum
1943 1065 2106 1092 suarum
2142 1053 2193 1093 de
2219 1062 2228 1068 “

1329 1118 1377 1145 eo
1397 1106 1446 1145 ad
1472 1106 1604 1145 Deum
1636 1105 1904 1147 indesinenter
1933 1107 2102 1160 plangit,
2122 1109 2192 1149 43.

1331 1161 1494 1215 ejusque
1512 1161 1734 1202 convictum
1764 1169 1983 1211 aversatur,
2005 1164 2074 1202 42.
2126 1164 2193 1204 De

1330 1216 1462 1256 sutura
1483 1216 1571 1271 ejus
1591 1216 1864 1272 resipiscentia
1890 1217 2095 1258 admonita
2123 1232 2194 1273 per

1329 1272 1542 1321 somnium,
1555 1272 1658 1327 (11).)
1675 1287 1826 1328 perque
1841 1287 2070 1327 responsum
2090 1275 2194 1329 epis-

1331 1328 1421 1381 copi
1452 1328 1571 1382 (43.)
1599 1327 1826 1381 cujusdam,
1855 1329 1940 1369 fieri
1972 1343 2051 1369 non
2081 1343 2195 1383 posse

1331 1383 1555 1431 asserentis,
1577 1388 1604 1406 “
1626 1393 1671 1424 ut
1692 1385 1812 1436 filius
1844 1388 2009 1424 istarum
2043 1386 2195 1438 lachry-

1330 1454 1482 1478 marum
1511 1439 1684 1491 pereat,'’
1703 1439 1819 1494 (44.)
1840 1454 1978 1480 mensa
1997 1442 2196 1495 domoque

1330 1509 1463 1535 rursus
1482 1494 1649 1549 excipit,
1670 1497 1737 1536 42.

1389 1551 1687 1603 Frequentabat
1743 1551 2032 1602 eleemosynas,
2072 1550 2194 1591 vidua

1331 1613 1440 1646 casta
1461 1614 1499 1645 et
1529 1607 1672 1654 sobria,
1695 1607 1762 1652 73,
1787 1608 1855 1647 83.
1897 1607 2137 1659 Obsequens
2156 1615 2196 1646 et

1331 1662 1503 1702 serviens
1531 1662 1692 1709 sanctis,
1715 1662 1869 1701 nullum
1899 1662 2002 1701 diem
2034 1670 2193 1714 praeter-

1332 1717 1518 1757 mittebat
1536 1717 1780 1757 oblationem
1802 1717 1851 1756 ad
1876 1717 2000 1756 altare
2026 1717 2120 1760 Dei,
2141 1717 2197 1759 ib.

1335 1772 1406 1812 Bis
1425 1773 1465 1812 in
1494 1772 1573 1819 die,
1596 1786 1713 1813 mane
1737 1781 1778 1813 et
1800 1785 1962 1827 vespere
1980 1773 2031 1812 ad
2054 1772 2197 1812 Eccle-

1331 1828 1431 1867 siam
1461 1829 1596 1868 venire
1625 1828 1756 1874 solita,
1787 1836 1830 1868 ut
1859 1835 1989 1868 oraret
2017 1829 2080 1868 vel
2111 1841 2198 1867 ver-

1333 1884 1431 1923 bum
1454 1883 1535 1923 Dei
1557 1884 1729 1930 audiret,
1748 1883 1802 1923 ib.

1389 1939 1534 1993 Augm.
1555 1939 1731 1979 Romam
1761 1940 1849 1991 ipsa
1881 1937 2007 1977 invita
2037 1945 2077 1978 et
2097 1937 2199 1978 falsa

1333 1995 1592 2049 navigantem
1659 1994 1877 2048 lachrymis
1934 1994 2198 2048 prosequitur,

1333 2051 1404 2093 72.
1442 2065 1512 2105 pro
1541 2064 1588 2091 eo
1616 2051 1753 2090 Deum
1784 2062 1917 2089 rursus
1945 2050 2197 2103 deprecatur,

1333 2104 1391 2146 ib.
1443 2107 1575 2146 Paulo
1611 2113 1700 2159 post
1734 2118 1951 2146 conscensa
1983 2118 2099 2148 nave.
2130 2119 2202 2158 per

1334 2161 1490 2202 marina
1523 2162 1754 2202 discrimina
1784 2167 1927 2200 nautas
1953 2160 2198 2207 consolatur,

1330 2217 1381 2256 de
1417 2216 1525 2256 felici
1554 2217 1812 2271 perventione
1841 2215 2031 2255 divinitus
2057 2216 2202 2255 certior

1332 2271 1534 2319 sacta,82.
1574 2271 1854 2310 Mediolanum
1874 2274 2038 2309 veniens
2056 2270 2200 2323 Augm.

1335 2327 1474 2366 audito
1501 2327 1715 2367 Ambrosio
1743 2326 1830 2379 jam
1867 2326 2141 2366 abalienatum
2177 2339 2201 2366 a

1336 2382 1580 2422 Manichaeis
1599 2382 1759 2436 reperit,
1781 2382 1838 2421 ib.
1879 2382 1944 2421 De
1963 2381 2049 2435 ejus
2068 2381 2200 2422 futuro

1335 2438 1588 2478 matrimonio
1626 2438 1908 2478 revelationem
1946 2449 1970 2475 a
2007 2437 2098 2477 Deo
2134 2450 2203 2476 ex-

1335 2493 1451 2547 petit,
1487 2493 1557 2534 sed
1593 2493 1752 2539 frustra,
1787 2493 1878 2532 100.
1946 2491 2204 2532 Ambrosium

1337 2549 1468 2603 diligit
1497 2556 1543 2589 ut
1572 2549 1777 2600 Angelum
1812 2546 1904 2593 Dei,
1927 2547 1994 2586 83.
2054 2547 2132 2587 Ille
2161 2547 2203 2586 in

1335 2604 1423 2658 ejus
1450 2605 1628 2650 laudem,
1652 2604 1734 2645 viso
1763 2603 1895 2657 Augo.
1925 2616 2031 2657 saepe
2069 2616 2203 2643 erum-

1335 2661 1473 2714 pebat,
1496 2659 1702 2713 gratulans
1730 2659 1804 2714 ipsi
1829 2658 1937 2712 quod
1966 2658 2089 2699 talem
2118 2671 2202 2697 ma-

1338 2723 1438 2755 trem
1459 2717 1637 2761 haberet,
1659 2717 1726 2754 84.
1782 2715 1903 2768 Apud
1923 2714 2204 2754 Mediolanum

1338 2771 1490 2811 vetanti
1514 2771 1740 2815 Ambrosio,
1757 2771 1898 2824 epulas
1919 2770 1970 2809 ad
1987 2769 2206 2809 Memorias

1339 2829 1569 2881 Martyrum
1596 2826 1755 2875 adferri,
1777 2839 1924 2865 morem
1951 2825 2048 2876 gerit
2075 2825 2203 2864 liben-

1340 2883 1506 2930 tissime,
1533 2883 1588 2922 ib.
1647 2882 1887 2922 Excubante
1908 2879 2204 2920 Mediolanensi

1340 2939 1458 2993 plebe
1496 2939 1536 2977 in
1576 2937 1778 2986 Ecclesia,
1797 2936 2022 2990 vigiliarum
2057 2937 2205 2989 primas

1340 3001 1465 3041 tenet,
1492 2996 1585 3033 155.
1626 2992 1872 3032 orationibus
1891 2991 2000 3037 vivit,
2019 2990 2077 3029 ib.

1395 3048 1605 3089 Gaudium
1624 3046 1710 3100 ejus
1725 3048 1775 3087 de
1798 3043 1919 3097 Aug¹.
1933 3044 2204 3092 conversione,

1344 3104 1434 3141 144.
1472 3102 1635 3142 Secedit
1655 3115 1746 3142 cum
1766 3101 1837 3140 illo
1854 3101 1896 3140 in
1913 3114 2052 3153 agrum
2070 3100 2206 3140 Cassi-

1337 3158 1508 3205 ciacum,
1537 3159 1628 3197 150.
1685 3159 1830 3210 Augm.
1850 3164 2032 3210 suscepto
2053 3155 2204 3209 baptis-

1338 3219 1447 3253 mate
1463 3219 1705 3254 remeantem
1723 3214 1763 3251 in
1783 3212 1962 3252 Africam
1979 3211 2206 3258 comitatur,

1344 3270 1434 3309 157.
1490 3281 1664 3321 quocum
1710 3268 1819 3323 apud
1861 3269 1976 3307 Ostia
2015 3267 2208 3306 Tiberina

1338 3324 1476 3378 paullo
1493 3331 1588 3364 ante
1601 3324 1753 3364 obitum
1768 3338 1884 3364 suum
1901 3322 2143 3378 colloquitur
2157 3322 2207 3362 de

1338 3381 1419 3420 vita
1442 3386 1605 3426 aeterna,
1629 3381 1721 3420 161.
1774 3380 2007 3434 Rapiuntur
2027 3379 2145 3418 ambo
2165 3378 2206 3417 in

1342 3443 1503 3476 aeternae
1522 3436 1731 3490 sapientiae
1747 3434 2138 3490 contemplationem,
2154 3434 2208 3472 ib.

1343 3491 1475 3531 Nulla
1499 3492 1583 3544 jam
1612 3503 1653 3530 re
1679 3505 1719 3532 se
1739 3491 1929 3530 delectari
1959 3490 2000 3529 in
2029 3489 2104 3528 hac
2125 3487 2206 3527 vita

1343 3547 1562 3601 profitetur,
1588 3547 1680 3586 162.
1739 3547 1875 3586 Unum
1902 3544 2021 3586 fuisse
2049 3552 2208 3599 propter

1343 3603 1451 3655 quod
1488 3602 1551 3642 hic
1577 3601 1827 3654 aliquantum
1858 3601 2060 3641 immorari
2095 3599 2207 3653 cupi-

1343 3657 1934 3711 ebat,utAugm.Christianum
1950 3654 2207 3697 Catholicum

1344 3713 1495 3754 videret
1515 3722 1607 3753 ante
1626 3713 1795 3760 obitum,
1817 3713 1872 3752 ib.
1920 3713 2018 3752 Post
2034 3710 2118 3751 dies
2136 3708 2208 3748 cir.

1343 3783 1382 3812 v.
1401 3768 1607 3811 decumbit
1627 3768 1819 3816 febribus,
1840 3767 1895 3808 ib.
1933 3767 1984 3808 de
2002 3763 2207 3820 sepultura
