2378 4134
505 248 1108 310 CONFESSIONUM
1147 246 1389 300 LIBER
1426 246 1534 298 III.

1883 246 1948 295 41

104 391 319 446 tandm:
359 406 480 460 quae
515 385 792 457 particulae
831 381 1025 435 summi
1062 386 1118 432 et
1139 378 1251 430 veri
1276 377 1383 430 Dei
1418 377 1600 444 ligatae
1638 375 1865 427 fuissent
1895 374 1956 426 in

105 479 200 530 illo
223 493 404 546 pomo,
428 471 534 525 nisi
560 470 743 523 electi‘
767 467 940 521 sancti
978 465 1136 519 dente
1162 481 1225 516 ac
1257 468 1443 515 ventre
1469 462 1812 513 solverentur.
1881 460 1960 512 Et

107 560 310 616 credidi
334 559 495 610 miser
516 556 688 622 magis
714 571 831 606 esse
855 548 1272 603 misericordiam
1302 545 1662 616 praestandam
1696 545 1958 597 fructibus

107 653 276 709 terrae,
314 661 474 714 quam
510 640 838 701 hominibuS‚
875 644 1093 707 propter
1130 651 1268 704 quos
1303 640 1660 685 nascerentur.
1737 630 1797 683 Si
1836 630 1960 700 quis

109 731 251 783 enim
311 728 578 781 esuriens·
622 730 841 794 peteret,
891 721 984 791 qui
1033 719 1377 772 Manichaeus
1423 735 1534 770 non
1593 722 1752 780 esset,
1804 715 1959 785 quasi

113 873 317 928 perhibent
336 884 420 911 esse
441 868 717 910 commixtam:
759 881 878 921 quarn
909 880 1002 920 pur-

111 928 195 981 gari
232 933 372 980 putant
406 926 447 964 in
487 925 634 964 Electus
670 923 750 962 suis
782 935 828 961 eo
861 934 1004 973 genere

113 982 218 1026 vitae,
238 994 315 1034 quo
347 980 480 1018 vivunt
513 978 639 1017 Electi
674 976 1003 1022 Manichaeorum,

113 1035 220 1075 velut
239 1035 412 1075 sanctius
427 1041 466 1073 et
478 1033 735 1073 excellentius
748 1031 1007 1070 Auditoribus

114 1091 207 1130 suis.
280 1090 316 1129 N
324 1103 386 1128 am
418 1088 478 1127 his
505 1086 660 1127 duabus
687 1084 1006 1139 professionibus,

115 1143 187 1184 hoc
207 1150 266 1184 est
288 1144 510 1183 Electorum
538 1149 578 1180 et
603 1141 854 1182 Auditorum,
874 1139 1003 1178 eccle·

114 1199 209 1238 siam
231 1211 341 1238 suam
355 1204 532 1237 constare
549 1195 766 1234 voluerunt.
798 1195 846 1233 In
863 1193 1006 1232 ceteris

115 1260 243 1292 autem
274 1252 511 1296 hominibus,
531 1250 650 1288 etiam
680 1249 721 1287 in
750 1247 846 1302 ipsis
877 1247 1003 1287 Audi·

116 1307 263 1347 toribus
276 1308 370 1353 suis,
386 1307 486 1345 hanc
498 1311 647 1358 partem
659 1303 772 1342 bonae
786 1303 1006 1354 divinaeque

121 1362 351 1401 substantiae
389 1373 479 1412 quae
516 1359 638 1397 mixta
674 1365 714 1397 et
747 1357 934 1408 colligata
965 1356 1006 1394 in

116 1416 215 1455 escis
234 1424 273 1454 et
291 1415 446 1469 potibus
466 1412 677 1456 detinetur,
698 1411 947 1463 maximeque
969 1409 1009 1447 in

118 1470 175 1509 eis
194 1469 258 1522 qui
281 1475 468 1520 generant
487 1467 601 1512 filios,
624 1468 746 1504 artius
768 1473 807 1504 et
826 1465 1010 1518 inquina-

119 1523 197 1563 tius
225 1523 399 1575 colligari
429 1528 584 1576 putant.
628 1519 700 1572 (de
731 1519 862 1569 Haer.)
921 1517 1012 1558 Cibi

118 1578 187 1630 qui
204 1577 254 1617 de
276 1578 451 1629 frugibus
472 1582 511 1615 et
530 1575 656 1628 pomis
683 1581 884 1627 parantur,
905 1573 935 1611 si
962 1571 1013 1611 ad

119 1639 288 1677 sanctos,
299 1632 337 1670 id
351 1638 423 1677 est,
437 1629 486 1669 ad
500 1628 747 1669 Manichaeos
757 1629 928 1673 veniant,
943 1640 1011 1680 per

120 1700 252 1726 eorum
274 1686 491 1725 castitatem
511 1692 549 1723 et
569 1683 762 1723 orationes
781 1690 820 1721 et
840 1682 1012 1736 psalmos

120 1740 312 1793 quidquid
327 1741 364 1778 in
382 1740 437 1778 eis
449 1746 506 1778 est
523 1738 765 1778 luculentum
780 1744 819 1775 et
834 1737 1010 1775 divinum

122 1802 325 1848 purgatur,
339 1794 379 1832 id
396 1800 469 1838 est,
481 1806 527 1833 ex
548 1792 652 1831 omni
672 1799 781 1845 parte
798 1790 1010 1844 perficitur,

123 1857 168 1888 ut
201 1849 252 1888 ad
283 1861 403 1900 regna
430 1848 586 1901 propria
613 1847 696 1886 sine
728 1846 812 1885 ulla
839 1845 1011 1884 sordium

125 1902 354 1942 difficultate
385 1903 584 1941 referatur.
632 1900 681 1939 de
713 1913 804 1939 mor.
833 1899 1012 1938 Manich.

126 1956 169 1996 ii.
194 1958 254 1997 15.
311 1956 623 2006 Nos,inquiunt.
650 1954 744 2007 quia
774 1954 850 1992 fide
879 1953 1013 1992 Mani-

125 2010 225 2050 chaei
260 2010 470 2050 illuminati
509 2022 656 2053 sumuS,
687 2008 926 2047 orationibus
974 2016 1013 2047 et

125 2065 286 2118 psalmis
314 2065 465 2110 nostris,
495 2067 563 2116 qui
590 2063 717 2102 Electi
745 2076 893 2107 sumus,
923 2075 1014 2115 pur-

129 2132 269 2170 gamus
289 2118 379 2158 inde
399 2118 520 2157 vitam
540 2131 627 2170 quae
646 2125 706 2155 est
732 2115 772 2155 in
804 2117 872 2156 illo
897 2129 1014 2170 pane,

125 2179 165 2212 et
179 2173 370 2212 mittimus
388 2172 496 2211 illam
518 2172 568 2211 ad
588 2172 788 2211 thesauros
814 2171 1015 2210 caelorum.

125 2227 244 2266 Tales
263 2235 352 2266 sunt
374 2226 514 2270 Electi,
536 2235 576 2265 ut
598 2239 674 2265 non
697 2226 773 2264 sint
791 2225 971 2265 salvandi
993 2239 1016 2264 a

127 2282 231 2328 Deo,
266 2281 335 2323 sed
363 2282 575 2321 salvatores
606 2280 699 2320 Dei.
757 2281 808 2318 Et
843 2280 925 2333 ipse
954 2287 1013 2319 est

128 2335 319 2380 Christus,
366 2335 520 2384 dicunt,
573 2334 780 2374 crucifixus
835 2335 876 2372 in
933 2341 1013 2373 toto

128 2389 287 2429 mundo.
344 2390 430 2440 Ego
452 2390 490 2428 in
522 2389 740 2440 Evangelio
770 2387 1012 2427 Salvatorem

129 2456 356 2497 acceperam
378 2444 596 2491 Christum,
618 2457 684 2482 vos
710 2450 840 2481 autem
863 2443 956 2482 estis
975 2445 1014 2481 in

130 2497 238 2536 libris
258 2499 392 2537 vestris
411 2498 624 2538 salvatores
644 2497 806 2537 Christi.
853 2497 955 2548 Aug.
976 2497 1015 2536 iu

132 2552 202 2591 Ps.
222 2552 245 2589 l.
266 2565 302 2591 c.

183 2610 204 2641 ‘1
234 2606 348 2652 Quod
389 2620 450 2653 ea,
492 2618 580 2658 quae
623 2605 733 2645 vobis
777 2605 890 2657 quasi
927 2619 1017 2659 pur-

131 2658 262 2709 ganda
277 2659 491 2699 offeruntur
504 2659 553 2698 ad
565 2660 716 2712 epulas.
731 2660 842 2699 nefas
858 2661 1018 2713 putatis,

131 2713 163 2751 si
183 2713 271 2766 quis
289 2715 387 2753 alius
408 2721 544 2766 praeter
566 2715 724 2753 Eiectos
740 2713 790 2752 ad
806 2714 1019 2753 cibandum

132 2767 314 2818 tetigerit,
363 2776 520 2821 quantae
565 2767 818 2822 turpitudinis
863 2776 902 2807 et
949 2769 1020 2808 ali-

132 2821 292 2874 quando
312 2822 468 2862 sceleris
487 2821 647 2875 plenum
674 2823 759 2862 est?
814 2822 1017 2875 Siquidem

131 2888 235 2929 saepe
272 2883 351 2915 tam
396 2876 521 2916 multa
566 2876 724 2923 dantur,
764 2883 806 2915 ut
842 2878 1019 2917 consumi

132 2929 246 2969 facile
266 2944 289 2970 a
306 2931 442 2983 paucis
461 2943 538 2970 non
558 2932 719 2984 possint.
763 2932 818 2970 Et
836 2934 1022 2982 quoniam

136 2983 384 3036 sacrilegium
407 2991 579 3038 putatur,
602 2985 661 3024 vel
684 2985 772 3025 aliis
790 2985 898 3031 dare,
917 2987 1022 3038 quod

134 3038 342 3086 redundat,
363 3040 423 3078 vel
455 3046 559 3079 certe
581 3039 764 3091 abjicere,
789 3039 828 3078 in
859 3053 1023 3090 magnas

133 3092 411 3132 contrudimini
458 3093 687 3141 cruditates,
725 3101 866 3139 totum,
911 3095 1018 3147 quod

135 3145 270 3184 datum
316 3154 390 3191 est,
431 3148 543 3199 quasi
588 3162 755 3201 purgare
799 3148 1018 3200 cupientes.

137 3199 229 3238 Jam
261 3214 351 3240 vero
380 3200 553 3249 distenti,
583 3209 623 3241 et
650 3216 768 3256 prope
799 3211 1017 3256 crepantes,

136 3265 216 3297 eos,
255 3253 322 3305 qui
368 3255 440 3294 snb
488 3263 614 3295 vestra
658 3256 866 3310 disciplina
913 3265 1018 3302 sunt,

138 3319 277 3358 pueros
314 3306 365 3345 ad
399 3308 624 3349 devoranda
669 3311 822 3363 reliqua
871 3311 1020 3351 crudeli

138 3359 402 3400 dominatione
430 3363 677 3417 compellitis,
707 3365 763 3404 ita
793 3374 835 3405 ut
863 3365 1021 3405 cuidam

139 3413 188 3452 sit
219 3413 353 3453 Romae
379 3414 590 3466 objectum,
608 3419 713 3470 quod
744 3419 903 3459 miseros
933 3433 1021 3472 par-

140 3467 251 3527 vulos
267 3469 442 3518 cogendo
459 3469 510 3509 ad
527 3472 763 3511 vescendum
791 3473 860 3512 tali
888 3486 1022 3527 super-

139 3528 294 3562 stitione
314 3524 521 3564 necaverit.
578 3526 697 3572 Quod
715 3540 791 3566 non
808 3527 1022 3574 crederem,

141 3575 213 3614 nisi
232 3576 385 3621 scirem,
403 3586 592 3628 quantum
613 3580 723 3619 nefas
747 3594 831 3620 esse
861 3581 1023 3621 arbitre-

139 3630 250 3677 mini,
273 3630 331 3669 vel
352 3631 439 3670 aliis
467 3630 552 3670 liaec
577 3631 685 3678 dare,
705 3635 770 3687 qui
794 3635 919 3674 Electi
949 3649 1026 3674 non

139 3691 245 3730 sunt,
264 3685 325 3723 vel
345 3692 450 3724 certe
469 3684 708 3739 proJicienda
721 3701 870 3728 curare.
907 3689 1026 3729 Unde

141 3735 212 3778 illa
241 3739 426 3779 vescendi
455 3739 668 3781 necessitas
697 3748 815 3782 restat
843 3755 932 3795 quae
957 3742 1024 3791 ad,

1058 865 1322 920 turpissimam
1345 863 1618 904 crudelitatem
1637 874 1749 916 paene
1764 860 1960 915 quotidie,

1059 920 1275 973 aliquando
1295 927 1429 959 tamen
1448 925 1575 972 potest
1596 924 1634 957 et
1654 929 1779 970 usque
1812 915 1862 955 ad
1892 916 1961 955 ho-

1067 975 1268 1014 micidium
1308 973 1526 1028 pervenire.
1604 974 1710 1024 Aug.
1757 970 1808 1010 de
1859 984 1959 1011 mor.

1065 1030 1249 1069 Manich.
1282 1042 1320 1070 c.
1362 1030 1423 1068 15.
1457 1027 1508 1067 cf.
1537 1040 1574 1066 c.
1611 1027 1674 1066 13.
1748 1026 1790 1066 Si
1825 1034 1958 1066 autern

1061 1084 1295 1124 occiduntur
1326 1096 1417 1122 cum
1452 1081 1731 1135 decerpuntur,
1762 1080 1962 1133 quomodo

1064 1139 1120 1178 eis
1141 1138 1243 1178 inest
1262 1138 1358 1182 vita,
1373 1137 1436 1176 cui
1485 1136 1672 1188 urgandae
1694 1142 1814 1187 atque
1835 1148 1962 1175 recre-

1061 1193 1175 1232 andae
1214 1150 1493 1231 manducandi)
1523 1199 1642 1242 atque
1671 1189 1863 1229 ructando
1894 1203 1963 1229 vos

1062 1246 1234 1287 asseritis
1251 1245 1473 1286 subvenire.
1502 1258 1540 1285 c.
1562 1245 1699 1284 Faust.
1719 1243 1770 1283 vi.
1789 1245 1830 1284 4.
1878 1244 1964 1285 Ista

1062 1302 1256 1353 sacrilega
1293 1300 1553 1340 deliramenta
1590 1313 1658 1339 vos
1693 1305 1854 1351 cogunt,
1885 1312 1964 1339 non

1063 1356 1189 1394 solum
1212 1356 1252 1394 in
1271 1354 1368 1394 caelo
1390 1362 1510 1406 atque
1538 1353 1579 1392 in
1609 1353 1793 1392 omnibus
1824 1353 1962 1401 stellis,

1065 1410 1135 1449 sed
1171 1410 1290 1448 etiam
1324 1409 1365 1448 in
1403 1415 1521 1455 terra,
1554 1417 1673 1460 atque
1705 1408 1745 1446 in
1781 1408 1965 1447 omnibus

1066 1477 1155 1517 quae
1191 1471 1406 1502 nascuntur
1440 1462 1480 1501 in
1514 1475 1578 1511 ea,
1610 1461 1806 1501 confixum
1844 1469 1964 1514 atque

1067 1526 1294 1558 concretum
1332 1516 1534 1557 Christum
1584 1516 1712 1556 dicere
1758 1529 1836 1554 non
1878 1515 1961 1568 jam

1070 1573 1312 1612 Salvatorem
1332 1579 1521 1617 vestrum,
1542 1571 1609 1610 sed
1633 1584 1654 1609 a
1677 1569 1785 1610 vobis
1804 1570 1963 1609 salvan-

1066 1628 1175 1671 dum,
1197 1641 1287 1666 cum
1309 1640 1356 1666 ea
1377 1626 1626 1665 manducatis
1647 1633 1765 1678 atque
1786 1625 1963 1665 ructatis.

1066 1682 1122 1721 ib.
1144 1682 1186 1721 ii.
1206 1684 1244 1721 5.
1275 1682 1326 1721 cf.
1346 1695 1382 1720 v.
1406 1682 1468 1721 10.
1492 1681 1569 1720 &c.

1122 1742 1137 1763 ¹
1158 1736 1297 1776 Nostis
1323 1737 1492 1783 Fratres,
1509 1734 1615 1787 quod
1632 1747 1708 1773 non
1729 1741 1788 1774 est
1804 1740 1965 1788 praeter-

1068 1790 1319 1836 mittendum,
1355 1790 1469 1843 quasi
1497 1789 1639 1842 justos,
1671 1789 1962 1836 eminentiores,

1068 1845 1108 1883 in
1129 1859 1170 1884 se
1186 1851 1364 1884 tenentes
1384 1844 1494 1883 velut
1514 1844 1683 1897 primum
1698 1843 1863 1896 gradum
1878 1843 1964 1895 jus-

1068 1900 1182 1947 titiae,
1211 1900 1371 1939 Electos
1404 1899 1533 1938 vocari
1568 1899 1674 1952 apud
1705 1898 1967 1938 Manichaeos.

1071 1955 1194 1993 Electi
1216 1954 1375 2007 quidem
1402 1953 1479 1992 Dei
1501 1961 1592 1991 sunt
1611 1966 1747 1991 omnes
1766 1953 1907 1998 sancti,
1927 1960 1967 1993 et

1069 2007 1259 2048 babemus
1282 2008 1411 2047 hocin
1438 2007 1670 2062 Scripturis:
1701 2007 1771 2046 sed
1801 2020 1966 2060 usurpa-

1071 2072 1160 2101 runt
1175 2063 1246 2102 sibi
1260 2062 1360 2102 illud
1379 2069 1586 2108 nomen,et
1602 2062 1715 2114 quasi
1737 2062 1968 2101 familiarius

1071 2117 1145 2156 sibi
1171 2117 1483 2171 applicaverunt.
1508 2124 1550 2156 ut
1580 2125 1783 2169 tamquam
1815 2117 1968 2170 proprie

1065 2171 1149 2224 jam
1192 2173 1318 2211 Electi
1357 2171 1617 2224 appellentur.
1695 2172 1799 2223 Aug.
1829 2171 1868 2209 iu
1902 2172 1967 2211 Ps.

1077 2228 1166 2265 140.
1189 2228 1225 2278 ἓ.
1251 2228 1314 2265 10.
1371 2226 1585 2265 Auditores
1614 2225 1681 2277 qui
1715 2226 1969 2280 appellantur

1068 2280 1174 2334 apud
1193 2294 1274 2327 eos,
1294 2288 1333 2321 et
1348 2281 1533 2321 carnibus
1554 2287 1779 2327 vescuntur,
1797 2288 1836 2319 et
1852 2293 1967 2331 agros

1068 2335 1218 2383 colunt,
1254 2345 1293 2375 et
1329 2336 1360 2373 si
1390 2336 1597 2381 voluerint,
1634 2348 1774 2374 uxores
1804 2335 1968 2381 liabent,

1069 2403 1238 2442 quorum
1254 2390 1348 2428 nihil
1367 2390 1518 2429 faciunt
1531 2391 1597 2442 qui
1615 2397 1805 2429 vocantur
1823 2389 1967 2428 Electi.

1072 2445 1177 2497 Aug.
1212 2445 1288 2498 Ep.
1317 2445 1411 2483 236.
1442 2444 1491 2483 ad
1523 2445 1687 2483 Deuter.
1753 2443 1969 2483 Auditores

1071 2506 1276 2543 vocantur,
1305 2497 1412 2551 quod
1446 2498 1629 2538 videlicet
1663 2505 1850 2549 tanquam
1886 2510 1968 2537 me-

1073 2553 1170 2591 liora
1193 2560 1233 2592 et
1260 2552 1408 2604 majora
1435 2560 1629 2606 praecepta
1655 2553 1861 2591 observare
1891 2565 1969 2591 non

1075 2607 1239 2657 possint,
1270 2620 1359 2658 quae
1398 2612 1655 2646 observantur
1691 2607 1742 2644 ab
1780 2606 1836 2645 eis
1871 2620 1970 2659 quos

1076 2662 1299 2700 Electorum
1320 2662 1476 2699 nomine
1492 2660 1772 2700 discernendos
1790 2667 1830 2699 et
1850 2661 1970 2700 hono-

1076 2715 1219 2755 randos
1239 2722 1396 2769 putant.
1419 2715 1551 2766 (Aug.
1567 2729 1602 2754 c.
1616 2715 1689 2754 litt.
1712 2715 1895 2755 Petilian.
1915 2717 1970 2755 iii.

1080 2769 1165 2819 17.)
1211 2769 1470 2809 Auditoribus
1485 2770 1636 2812 vestm,
1655 2782 1754 2820 quos
1778 2775 1968 2822 tanquam

1076 2824 1280 2863 distinctos
1317 2837 1339 2862 a
1378 2837 1517 2876 genere
1546 2824 1791 2862 sacerdotum
1822 2824 1970 2870 dixisti,

1076 2878 1292 2918 secundum
1313 2879 1466 2917 veniam
1495 2879 1579 2918 haec
1612 2877 1791 2929 [carnes]
1814 2878 1971 2918 edenda

1077 2932 1303 2972 conceditis.
1335 2934 1393 2983 (c.
1412 2934 1549 2973 Faust.
1565 2947 1657 2972 xxx.
1673 2933 1739 2982 5.)
1780 2933 1852 2971 His
1871 2933 1973 2973 dua·

1078 2988 1152 3025 bus
1186 2988 1507 3039 professionibus,
1537 2987 1611 3026 hoc
1641 2995 1713 3031 est,
1745 2987 1971 3026 Electorum

1079 3049 1119 3080 et
1140 3042 1390 3087 Auditorum,
1411 3043 1620 3081 ecclesiam
1651 3054 1760 3080 suam
1788 3049 1969 3082 constare

1074 3097 1295 3135 voluerunt.
1318 3096 1367 3135 de
1384 3098 1535 3136 Haeres.
1554 3097 1586 3136 οἵ
1602 3095 1821 3145 καλούμενοι
1839 3094 1973 3136 φίλαισι

1075 3152 1164 3204 παρ’
1182 3152 1322 3194 αὐτοῖς.
1352 3151 1573 3190 'l'heodorct
1593 3151 1620 3189 l.
1640 3163 1674 3188 c.

1129 3211 1144 3231 ⁵
1175 3205 1282 3244 Hinc
1307 3212 1378 3252 est,
1407 3205 1513 3258 quod
1541 3204 1779 3244 mendicanti
1809 3203 1972 3250 homini,

1074 3260 1140 3312 qui
1172 3259 1418 3299 Manichaeus
1447 3272 1525 3298 non
1552 3259 1612 3304 sit,
1635 3270 1791 3310 panem,
1809 3258 1871 3297 vel
1902 3258 1974 3298 ali-

1078 3314 1173 3363 quid
1192 3313 1362 3365 frugum,
1379 3313 1439 3352 vel
1460 3325 1605 3364 aquam
1625 3311 1765 3363 ipsam,
1781 3325 1870 3364 quae
1889 3325 1974 3351 om-

1078 3367 1195 3407 nibus
1213 3367 1299 3406 vilis
1325 3374 1395 3409 est.
1415 3365 1500 3405 dari
1529 3365 1753 3419 prohibetis,
1772 3379 1820 3404 ne
1849 3379 1973 3406 mern-

1078 3422 1193 3460 brum
1216 3421 1307 3467 Dei,
1327 3421 1432 3474 quod
1452 3420 1511 3459 his
1529 3420 1647 3459 rebus
1662 3419 1878 3458 admixtum
1902 3427 1974 3465 est,

1075 3475 1155 3514 suis
1180 3474 1352 3527 peccatis
1375 3474 1612 3513 sordidatum
1643 3486 1668 3512 a
1698 3473 1823 3512 reditu
1851 3473 1976 3527 impe-

1076 3529 1171 3567 diat.
1202 3529 1308 3580 Aug.
1325 3528 1374 3567 de
1395 3529 1500 3566 Mor.
1515 3527 1697 3566 Manich.
1717 3540 1754 3566 c.
1773 3529 1833 3567 15.
1870 3530 1973 3575 Quae

1078 3595 1169 3621 cum
1207 3582 1262 3620 ita
1293 3581 1381 3628 sint,
1408 3581 1525 3620 etiam
1563 3594 1705 3634 panem
1738 3581 1976 3621 mendicanti

1080 3637 1173 3675 dare
1204 3635 1440 3688 prohibetis:
1477 3634 1641 3675 censetis
1666 3642 1796 3674 tamen
1821 3643 1977 3690 propter

1081 3689 1379 3729 misericordiam
1420 3689 1483 3729 vel
1519 3688 1646 3742 potius
1685 3697 1838 3743 propter
1876 3690 1975 3730 invi-

1080 3742 1185 3783 diam
1234 3756 1411 3784 nummos
1454 3743 1554 3784 dari.
1610 3743 1719 3791 Quid
1766 3744 1829 3784 hic
1869 3744 1978 3798 prius
