2378 4134
509 210 1109 274 CONFESSIONUM
1146 214 1386 270 LIBER
1421 213 1551 268 vn.
1850 212 1953 263 109

114 349 407 420 procurasti
439 348 756 418 pervicaciae
791 367 943 414 meae,
982 366 1091 419 qua
1131 347 1435 401 obluctatus
1471 360 1589 396 sum
1626 340 1954 395 Vindiciano

113 441 270 487 acuto
317 432 449 498 seni,
496 439 550 486 et
596 433 857 486 Nebridio
910 432 1238 487 adolescenti
1283 429 1543 483 mirabilis
1591 427 1816 480 animae:
1872 427 1955 478 illi

114 517 451 570 vehementer
485 518 785 583 affirmanti,
809 518 939 571 huic
974 535 1099 571 cum
1134 515 1468 568 dubitatione
1501 511 1720 583 quidem
1754 511 1955 581 aliqua,

115 604 209 657 sed
246 612 424 656 tamen
463 604 646 680 crebro
682 602 899 667 dicenti,
923 621 1033 655 non
1066 619 1182 654 esse
1217 598 1405 653 illam*
1430 605 1596 651 artem
1621 597 1796 648 fiitura
1819 614 1956 665 prae-

114 687 352 751 videndi3
392 687 723 757 conjecturas
750 695 928 740 autem
951 687 1230 739 hominum
1254 685 1450 737 habere
1476 700 1621 751 saepe
1645 681 1755 732 vim
1780 681 1956 744 sortiS,

114 779 168 824 et
194 773 360 824 multa
387 771 616 824 dicendo
653 772 762 824 dici
800 773 1055 842 pleraque
1086 776 1323 834 ventura,
1347 767 1713 821 nescientibus
1746 765 1826 817 eis
1863 765 1958 835 qui

113 855 363 921 dicerent,
389 856 484 908 sed
507 857 565 907 in
589 875 653 908 ea
677 875 787 908 non
811 856 1037 909 tacendo
1062 855 1476 909 incurrentibus:
1508 851 1807 922 procurasti
1831 868 1958 918 ergo

112 947 170 993 tu
191 941 461 993 hominem
487 942 734 1005 amicum,
755 960 864 993 non
890 941 1106 1011 quidem
1133 959 1350 1009 segnem
1375 940 1730 992 consultorem
1755 936 1956 988 mathe-

112 1026 439 1091 maticorum,
465 1044 564 1078 nec
591 1045 682 1078 eas
705 1027 907 1078 litteras
931 1029 1068 1078 bene
1095 1027 1406 1088 callentem3
1447 1022 1560 1089 sed,
1583 1029 1645 1074 ut
1669 1022 1805 1085 dixi,
1831 1038 1960 1074 con-

113 1111 360 1162 sultorem
400 1111 683 1174 curiosum,
721 1118 774 1163 et
810 1119 985 1163 tamen
1024 1112 1279 1164 scientem
1323 1108 1531 1179 aliquid
1569 1107 1715 1178 quod
1749 1126 1780 1159 a
1809 1113 1961 1176 patre

114 1213 209 1247 suo
234 1213 289 1247 se
315 1195 525 1248 audisse
552 1197 781 1260 dicebat,
809 1194 993 1265 quod*
1029 1203 1290 1266 quantum
1323 1196 1523 1247 valeret
1554 1193 1623 1245 ad
1654 1193 1801 1244 illius
1835 1193 1964 1244 artis

114 1279 419 1348 opinionem
446 1281 782 1333 evertendam
815 1282 1109 1348 ignorabat.
1187 1281 1245 1332 Is
1271 1297 1397 1347 ergo
1423 1279 1504 1330 vir
1527 1278 1744 1329 nomine
1772 1277 1963 1328 Firmi-

114 1383 231 1428 nus,
258 1366 545 1418 liberaliter
588 1368 865 1419 institutus
903 1377 956 1418 et
988 1367 1237 1418 excultus
1281 1365 1518 1434 eloquio,
1556 1381 1679 1415 cum
1722 1380 1807 1413 me
1846 1369 1963 1412 tan-

114 1468 274 1519 quam
300 1452 687 1517 charissimum,
714 1452 780 1504 de
808 1452 1130 1522 quibusdam
1158 1451 1269 1503 suis
1292 1452 1470 1513 rebuS,
1497 1450 1555 1500 in
1581 1466 1716 1517 quas
1744 1447 1964 1499 saecula-

114 1535 185 1586 ris
219 1554 342 1604 spes
368 1536 481 1606 ejus
507 1538 844 1602 intumuerat,
861 1539 1160 1590 consuleret
1185 1536 1319 1606 quid
1343 1535 1476 1586 mihi
1505 1532 1802 1586 secundum
1822 1550 1965 1595 suaS,

115 1638 247 1688 quas
272 1623 704 1674 constellationes
731 1624 1020 1692 appellant,
1045 1622 1340 1684 videretur3
1380 1639 1480 1687 ego
1508 1626 1705 1683 autem,
1734 1617 1828 1687 qui
1849 1617 1966 1687 jam

116 1704 180 1756 de
205 1705 307 1757 hac
332 1724 386 1757 re
412 1707 469 1757 in
495 1707 742 1758 Nebridii
769 1709 1086 1760 sententiam
1120 1708 1263 1760 flecti
1297 1724 1583 1775 coeperam,
1609 1723 1718 1755 non
1746 1703 1966 1772 quidem

116 1790 399 1842 abnuerem
438 1791 700 1860 conjicere
739 1811 801 1844 ac
839 1792 1015 1844 dicere
1055 1792 1201 1862 quod
1237 1791 1450 1843 nutanti
1486 1790 1831 1851 occurrebat3
1872 1787 1967 1839 sed

117 1883 292 1927 tamen
330 1877 662 1946 subjicerem,
700 1897 868 1948 prope
897 1878 1012 1948 jam
1053 1898 1169 1931 esse
1209 1880 1342 1930 mihi
1386 1895 1700 1947 persuasum
1738 1874 1967 1927 ridicula

115 1962 207 2012 illa
233 1980 347 2013 esse
374 1970 426 2013 et
451 1964 658 2015 inania:
698 1970 811 2015 tum
836 1965 925 2016 ille
953 1966 1084 2016 mihi
1109 1965 1342 2017 narravit
1372 1971 1579 2032 patrem
1610 1980 1763 2013 suum
1800 1960 1968 2012 fuisse

115 2046 367 2097 librorum
395 2047 577 2098 talium
604 2048 1045 2114 curiosissimum,
1072 2058 1124 2102 et
1148 2050 1402 2102 habuisse
1432 2049 1665 2100 amicum
1693 2064 1846 2116 aeque
1873 2046 1967 2097 illa

118 2131 378 2199 simulque
404 2138 692 2184 sectantem
712 2153 725 2196 3
767 2134 859 2203 qui
885 2135 1001 2202 pari
1029 2135 1205 2186 studio
1232 2142 1285 2186 et
1311 2133 1597 2186 collatione
1624 2133 1885 2184 flatabant
1908 2131 1966 2181 in

119 2233 208 2266 eas
231 2233 401 2281 nugas
421 2217 598 2283 ignem
625 2218 800 2270 cordis
827 2220 909 2270 sui
923 2217 964 2282 ³,
990 2220 1064 2271 ita
1101 2227 1161 2270 ut
1198 2228 1465 2271 mutorum
1510 2235 1726 2287 quoque
1765 2216 1966 2268 anima-

117 2300 265 2362 lium,
293 2301 336 2351 si
364 2319 469 2369 qua
495 2301 639 2353 domi
663 2311 924 2371 parerent,
951 2306 1291 2355 observarent
1319 2310 1588 2354 momenta
1611 2302 1967 2363 nascentium,

120 2392 278 2455 atque
304 2387 371 2438 ad
397 2406 460 2439 ea
492 2388 614 2439 coeli
649 2390 970 2457 positionem
1005 2398 1268 2454 notarent,
1294 2390 1438 2442 unde
1471 2389 1617 2440 illius
1651 2388 1807 2457 quasi
1842 2388 1970 2439 artis

120 2472 483 2538 experimenta
516 2474 839 2540 colligerent.
916 2477 1106 2544 Itaque
1147 2476 1361 2527 dicebat
1392 2473 1606 2526 audisse
1641 2491 1696 2524 se
1733 2491 1764 2524 a
1798 2478 1969 2540 patre,

122 2555 266 2623 quod
302 2573 423 2606 cum
462 2558 706 2609 eumdem
744 2558 1071 2610 Firminum⁸
1098 2577 1383 2628 praegnans
1419 2565 1587 2609 mater
1624 2563 1782 2619 esset,
1809 2557 1968 2607 etiam

120 2639 264 2690 illius
289 2641 494 2708 paterni
513 2642 671 2694 amici
695 2643 892 2695 famula
907 2644 1151 2713 quaedam
1170 2644 1367 2714 pariter
1386 2650 1534 2694 utero
1555 2641 1968 2709 grandescebat;

123 2724 267 2793 quod
308 2726 469 2777 latere
505 2745 613 2777 non
648 2728 825 2795 potuit
862 2729 1152 2794 dominum,
1191 2729 1284 2798 qui
1323 2729 1484 2780 etiam
1522 2745 1716 2780 canum
1756 2745 1971 2779 suarum

122 2816 304 2878 partus
348 2811 803 2864 examinatissima
852 2813 1129 2879 diligentia
1171 2833 1330 2866 nosse
1373 2815 1619 2866 curabat:
1687 2819 1848 2882 atque
1894 2813 1972 2863 ita

123 2893 318 2945 sactum
346 2913 459 2946 esse
497 2902 556 2947 ut
594 2915 716 2948 cum
752 2897 852 2949 iste
886 2897 1151 2967 conjugiS‚
1177 2899 1267 2950 ille
1299 2906 1477 2950 autem
1515 2898 1724 2950 ancillae
1765 2897 1880 2948 dies
1918 2904 1972 2948 et

124 2977 297 3042 horas,
330 2980 744 3051 minutioresque
792 2982 1040 3034 horarum
1080 2983 1333 3036 articulos
1371 2982 1683 3036 cautissima
1721 2984 1970 3033 observa-

126 3061 267 3113 tione
300 3072 649 3129 numerarent,
675 3067 851 3119 enixae
892 3075 1070 3120 essent
1100 3070 1270 3120 ambae
1307 3068 1493 3131 simul;
1545 3068 1622 3120 ita
1655 3074 1716 3118 ut
1754 3066 1970 3118 easdem

129 3148 552 3201 constellationes
592 3169 763 3220 usque
805 3152 874 3204 ad
914 3152 1130 3204 easdem
1170 3154 1426 3204 minutias
1470 3154 1683 3222 utrique
1726 3154 1971 3204 nascenti

129 3229 295 3280 facere
321 3242 645 3299 cogerentur,
670 3236 771 3287 iste
797 3237 928 3300 filio,
954 3238 1045 3288 ille
1081 3239 1306 3289 servulo,
1384 3239 1528 3289 Nam
1562 3255 1685 3289 cum
1719 3235 1971 3286 mulieres

128 3314 382 3381 parturire
402 3319 704 3386 coepissent,
720 3321 1090 3373 indicaverunt
1115 3323 1217 3373 sibi
1245 3325 1402 3374 ambo
1430 3322 1562 3391 quid
1589 3341 1686 3374 sua
1711 3321 1971 3390 cujusque

130 3398 287 3450 domo
321 3408 576 3466 ageretur,
605 3411 658 3455 et
693 3414 1011 3474 paraverunt
1045 3425 1180 3475 quos
1222 3407 1291 3458 ad
1329 3425 1384 3458 se
1416 3407 1648 3458 invicem
1685 3406 1972 3470 mitterent,

130 3483 284 3533 simul
311 3491 370 3534 ut
394 3492 576 3536 natum
601 3489 745 3556 quod
767 3491 1157 3558 parturiebatur
1174 3497 1316 3542 esset
1339 3491 1535 3560 cuique
1555 3490 1624 3542 ad
1641 3491 1970 3554 nuntiatum3

131 3568 276 3636 quod
315 3576 493 3621 tamen
526 3577 587 3622 ut
613 3574 864 3626 continuo
901 3575 1248 3638 nuntiaretur,
1282 3583 1539 3644 tanquam
1575 3575 1631 3626 in
1666 3594 1832 3644 regno
1874 3594 1972 3628 suo

130 3650 283 3704 facile
309 3654 606 3706 effecerant.
680 3658 855 3726 Atque
880 3659 974 3723 ita,
1001 3659 1095 3727 qui
1121 3660 1189 3711 ab
1224 3659 1474 3712 alterutro
1506 3659 1658 3713 missi
1694 3666 1837 3726 sunt,
1862 3667 1973 3715 tam
