2378 4134
512 214 1114 271 CONFESSIONUM
1131 261 1134 266 .
1154 213 1394 267 LIBER
1430 214 1562 267 XII.
1857 219 1968 269 ‘239

89 348 382 420 *principio
400 347 555 416 feeit·
573 347 725 398 Deus
748 347 938 398 coelum
965 352 1018 397 et
1047 354 1270 406 terram,
1297 344 1355 397 id
1381 351 1480 409 est,
1506 345 1540 370 “
1571 345 1638 396 In
1667 346 1846 399 Verbo
1876 364 1976 398 suo

118 434 220 489 sibi
244 440 507 487 coaeterno
534 431 660 485 fecit
684 431 836 484 Deus
861 431 1140 485 informem
1175 431 1451 485 materiam
1493 439 1746 484 creaturae
1785 450 1975 502 corpo-

115 520 241 576 ralis
263 519 356 572 ubi
382 518 664 571 confusum
701 518 879 572 adhuc
906 528 1019 572 erat
1043 519 1240 573 eoelum
1267 527 1322 571 et
1344 525 1500 582 terra,
1526 534 1647 587 quae
1684 527 1843 572 nunc
1858 519 1973 588 jam

90 636 99 647 ι
120 605 370 659 distincta
394 611 556 674 atque
581 603 807 656 formata
830 604 888 655 in
913 603 1070 656 istius
1094 602 1283 656 mundi
1297 603 1438 655 mole
1459 602 1769 655 sentimus.'’
1810 602 1976 655 Aliud

116 691 207 762 qui
242 689 396 743 dicit:
454 691 527 742 In
557 692 841 757 principio
853 692 1000 760 fecit
1034 693 1187 743 Deus
1223 691 1414 742 coelum
1450 696 1504 741 et
1539 695 1763 753 terram,
1789 689 1848 741 id
1876 698 1976 753 est,

91 778 148 807 '⁴‘
176 778 242 829 In
271 775 393 845 ipso
426 775 651 827 exordio
689 773 923 828 faciendi
957 783 1118 846 atque
1159 774 1437 845 operandi,
1463 775 1593 826 fecit
1624 774 1778 826 Deus
1814 774 1976 826 infor-

98 878 252 922 ,mem
293 860 567 912 materiam
609 860 832 913 confuse
870 862 1159 914 habentem
1202 861 1399 913 coelum
1453 868 1508 913 et
1554 868 1775 923 terram;
1831 860 1975 912 unde

112 949 332 1001 formata
353 964 496 999 nunc
534 947 770 999 eminent
804 954 858 999 et
889 954 1168 1018 apparent,
1197 965 1319 999 cum
1355 947 1606 999 omnibus
1644 964 1765 1016 quae
1795 946 1853 997 in
1892 945 1972 998 eis

113 1031 280 1086 sunt.”

186 1120 270 1169 30.
311 1118 449 1169 Item
470 1115 616 1185 quod
643 1117 834 1170 attinet
859 1119 927 1171 ad
952 1118 1285 1170 intellectum
1312 1119 1596 1169 verborum
1618 1117 1976 1186 sequentium,
2031 1147 2150 1188 XXI·

113 1220 181 1256 ex
205 1202 314 1254 illis
340 1202 592 1253 omnibus
618 1204 774 1268 veriS,
794 1204 942 1256 aliud
969 1203 1072 1255 sibi
1098 1203 1240 1256 tollit
1264 1204 1357 1271 qui
1385 1202 1543 1255 dicit:
1593 1205 1764 1255 Terra
1790 1211 1974 1255 autem
1995 1201 2113 1266 Tm?
2153 1258 2161 1265 ‚

111 1294 228 1340 erat
263 1286 550 1338 invisibilis
574 1294 628 1340 et
666 1290 1036 1355 incomposita,
1063 1294 1115 1339 e!
1157 1287 1387 1339 tenebrae
1424 1295 1583 1339 erant
1622 1306 1786 1354 saper
1823 1286 1975 1354 abys-
1990 1264 2180 1350 gat-2³⁰²·

110 1390 243 1435 mm,
266 1371 325 1423 id
350 1379 446 1436 est,
473 1372 505 1398 “
537 1372 866 1441 Corporale*
906 1373 1042 1424 illud
1069 1372 1214 1441 quod
1239 1373 1368 1426 fecit
1402 1374 1572 1438 DeuS,
1599 1373 1776 1425 adhuc
1809 1380 1974 1424 mate·
1990 1365 2177 1459 2⁴5th

110 1458 210 1509 ries
235 1463 345 1509 erat
370 1475 744 1526 corporearum
778 1477 952 1511 rerum
979 1459 1240 1521 informiS,
1269 1458 1385 1510 sine
1421 1458 1624 1523 ordine,
1654 1459 1769 1510 sine
1803 1459 1974 1510 luce.’'
1991 1474 2153 1514 lectum.

112 1542 270 1595 Aliud
295 1542 389 1611 qui
427 1542 587 1595 dicit:
635 1545 801 1595 Terra
827 1551 1009 1596 autem
1039 1551 1160 1596 erat
1197 1543 1486 1595 invisibilis
1510 1550 1564 1595 et
1602 1545 1975 1610 incomposita,

110 1634 162 1679 et
199 1628 420 1679 tenebrae
456 1635 613 1679 erant
651 1646 813 1695 super
850 1629 1116 1697 abyssum,
1150 1628 1207 1679 id
1242 1636 1341 1691 est,
1381 1629 1413 1653 ‘⁶
1443 1630 1570 1680 Hoc
1611 1637 1783 1679 totum
1825 1628 1973 1697 quod

113 1714 304 1766 coelum
343 1720 395 1764 et
431 1721 569 1765 terra
606 1715 938 1783 appellatum
975 1722 1072 1779 est,
1101 1714 1277 1766 adhuc
1315 1714 1559 1765 informis
1597 1720 1652 1764 et
1690 1714 1975 1765 tenebrosa

109 1799 351 1852 materies
378 1805 505 1862 erat,
532 1798 673 1849 imde
699 1799 853 1850 fieret
879 1800 1076 1851 coelum
1104 1817 1420 1868 corporeum
1445 1807 1500 1850 et
1525 1807 1662 1851 terra
1698 1817 1973 1867 corporea,

111 1902 230 1936 cum
256 1884 506 1935 omnibus
535 1902 654 1953 quae
681 1883 738 1934 in
765 1883 842 1935 eis
870 1893 995 1936 sunt
1021 1886 1291 1953 corporeis
1319 1885 1567 1936 sensibus
1593 1885 1768 1935 nota.'’
1808 1884 1973 1935 Aliud

112 1969 200 2039 qui
242 1968 406 2021 dicit:
478 1970 643 2020 Terra
688 1976 871 2020 autem
921 1977 1042 2021 erat
1083 1970 1368 2021 invisibilis
1411 1977 1463 2020 et
1510 1972 1879 2035 incomposita,
1920 1976 1973 2020 et

111 2054 336 2107 tenebrae
387 2062 547 2106 erant
597 2072 760 2121 super
810 2055 1076 2124 abyssum,
1122 2055 1179 2107 id
1223 2065 1322 2119 est,
1366 2056 1398 2081 “
1429 2057 1555 2107 Hoc
1610 2063 1779 2106 totuin
1826 2054 1973 2123 quod

110 2141 302 2192 coelum
337 2148 389 2192 et
421 2148 558 2192 terra
592 2143 924 2210 appellatum
959 2150 1055 2208 est,
1097 2142 1272 2194 adhuc
1313 2142 1554 2193 informis
1596 2149 1646 2193 et
1694 2143 1974 2193 tenebrosa

109 2229 350 2280 materies
376 2236 504 2294 erat,
530 2228 671 2280 unde
699 2229 848 2281 fieret
875 2232 1070 2282 coelum
1099 2229 1438 2295 intelligibile
1460 2229 1605 2298 quod
1626 2229 1755 2281 alibi
1778 2229 1974 2280 dicitur

110 2314 302 2366 coelum
327 2314 476 2377 coeli;
518 2322 571 2366 et
596 2321 750 2378 terra,
780 2316 987 2367 scilicet
1014 2315 1187 2366 omnis
1213 2322 1404 2366 natura
1431 2333 1705 2383 corporea,
1734 2316 1833 2366 sub
1864 2334 1971 2384 quo
1989 2335 2054 2374 Ps.
2077 2337 2171 2381 113,

113 2399 326 2450 nomine
352 2398 681 2465 intelligatur
707 2399 866 2450 etiam
893 2400 997 2451 hoc
1025 2400 1223 2451 coelum
1251 2418 1567 2468 corporeum
1589 2420 1603 2463 3
1637 2399 1694 2450 id
1722 2406 1804 2451 est
1827 2400 1970 2451 unde
1989 2391 2052 2429 ¹⁶·

111 2482 260 2534 ficret
317 2484 490 2534 omnis
538 2483 827 2535 invisibilis
877 2485 1217 2553 visibilisque
1274 2485 1562 2536 creatura.'’
1661 2484 1826 2536 Aliud
1879 2485 1972 2554 qui

110 2568 266 2621 dicit:
315 2571 480 2621 Terra
507 2577 689 2621 autem
717 2578 837 2622 erat
863 2571 1150 2622 invisibilis
1175 2578 1227 2622 et
1254 2573 1629 2638 incomposita,
1654 2579 1707 2623 et
1748 2573 1973 2623 teuebroe

107 2661 265 2706 erant
290 2672 451 2720 super
475 2654 756 2722 abyssum;
802 2656 834 2681 ‘⁶
862 2674 969 2706 non
1000 2656 1146 2706 illam
1181 2655 1561 2707 informitatem
1599 2657 1817 2707 nomine
1852 2660 1972 2709 coelz·

108 2746 160 2791 et
184 2746 338 2791 terrae
364 2739 639 2807 Scriptura
666 2740 984 2807 appellavit3
1019 2739 1113 2791 sed
1129 2738 1244 2808 jam
1271 2747 1400 2802 erat,
1426 2740 1620 2810 inquit,
1648 2741 1768 2809 ipsa
1807 2743 1969 2794 infor-

108 2823 263 2875 mitas
289 2842 451 2892 quam
488 2831 678 2875 terram
713 2824 1038 2875 invisibilem
1078 2836 1131 2875 et
1167 2825 1580 2893 incompositam
1607 2828 1969 2879 tenebrosam—

111 2926 213 2977 que
238 2910 491 2977 abyssum
515 2908 827 2971 nominavit,
848 2907 914 2959 de
936 2927 1044 2978 qua
1063 2909 1259 2960 coelum
1287 2918 1340 2960 et
1366 2917 1555 2961 terram
1574 2908 1753 2962 Deum
1778 2913 1970 2964 fecisse

110 2993 447 3061 praedixerat,
488 2994 818 3063 spiritualem
870 2994 1094 3059 scilicet,
1130 2996 1570 3065 corporalemque
1624 2999 1968 3049 creaturani.'’

108 3077 271 3129 ‘Aliud
297 3080 390 3148 qui
418 3078 580 3131 dicit:
629 3080 794 3130 Ter-ra
828 3086 1011 3131 autem
1037 3085 1158 3130 erat
1191 3080 1478 3132 invisibilis
1502 3089 1555 3132 et-
1594 3083 1965 3148 incomposita,

111 3170 162 3215 et
189 3164 410 3216 tenebra?
436 3170 598 3215 erant
623 3182 784 3230 super
809 3163 1075 3231 abyssum,
1102 3163 1160 3214 id
1199 3171 1294 3227 est,
1323 3165 1354 3190 ‘⁶
1384 3167 1691 3218 Informitas
1719 3167 1968 3235 quaedam

105 3245 218 3316 jam
243 3250 488 3301 materies
515 3257 644 3313 erat,
671 3248 814 3300 unde
841 3251 1029 3300 coelum
1056 3255 1109 3299 et
1137 3255 1339 3299 terram
1367 3252 1547 3301 Deum
1558 3250 1759 3319 fiee-isse
1787 3251 1967 3319 Scrip-

110 3338 227 3386 tura
266 3334 553 3404 praedixit;
617 3341 785 3386 totam
825 3334 1034 3386 scilicet
1076 3352 1385 3402 corpoream
1428 3335 1615 3386 mundi
1659 3338 1872 3399 molem,
1910 3337 1967 3388 in

113 3416 243 3470 duas
291 3420 556 3471 maximas
606 3426 802 3489 parteS,
848 3419 1175 3487 superiorem
1226 3425 1385 3487 atque
1435 3420 1738 3473 inferiorem
1790 3420 1967 3473 distri·

113 3556 202 3586 caro
221 3555 340 3588 esset:
369 3547 424 3587 sic
450 3547 611 3587 fortasse
642 3549 764 3602 potuit
794 3555 833 3588 et
860 3548 1007 3593 anima,
1065 3546 1237 3599 aliquam
1258 3548 1459 3588 materiam
1479 3563 1548 3603 pro
1566 3563 1637 3589 suo
1658 3563 1797 3603 genere
1817 3549 1968 3605 spirita-

114 3605 320 3653 autequam
358 3615 406 3641 ea
445 3601 528 3655 ipsa
574 3609 712 3641 natura
758 3603 879 3647 fieret,
917 3615 1007 3654 quoe
1064 3600 1159 3647 lem,
1195 3615 1283 3654 quae
1321 3603 1494 3643 nondum
1530 3611 1631 3643 esset
1669 3604 1826 3654 anima;
1868 3605 1970 3645 sicut

103 3652 245 3692 anima
271 3655 428 3702 dicitur,
449 3654 563 3708 cujus
591 3655 654 3695 vel
680 3655 904 3710 pulcritudo
932 3657 1009 3694 vir·
1063 3661 1165 3694 terra
1200 3657 1250 3695 de
1288 3669 1368 3708 qua
1404 3669 1495 3696 caro
1530 3657 1635 3697 sacta
1671 3665 1743 3704 est,
1772 3658 1857 3712 jam
1885 3667 1968 3700 erat

118 3710 191 3754 tus,
225 3708 286 3749 vel
322 3708 545 3749 deformitas
582 3708 714 3749 vitium
753 3716 825 3756 est,
864 3709 1010 3749 habere
1065 3708 1228 3761 aliquid,
1248 3710 1427 3763 quamvis
1446 3719 1626 3753 nouerat
1645 3725 1750 3753 caro.
