2378 4134
560 241 1165 297 CONFESSIONUM
1203 239 1444 294 LIBER
1481 238 1580 291 IX.
1887 241 1992 291 16⁷

142 373 328 429 nobis:
375 371 470 427 scd
505 371 872 427 tantummodo
909 371 1218 425 memoriam
1255 369 1340 422 sui
1377 367 1447 422 ad
1483 368 1648 421 altare
1685 374 1838 420 tuum
1874 367 1994 422 fieri

143 458 476 524 desideravit,
514 458 602 511 cui
644 457 844 510 nullius
882 457 990 510 diei
1030 455 1478 526 praetermissione
1523 453 1803 518 servierat3
1846 453 1991 506 unde

143 546 301 599 sciret
337 543 634 613 dispensari
670 542 942 594 victimam
986 550 1242 605 sanctam,
1269 558 1380 610 qua
1419 539 1654 590 deletum
1695 544 1774 589 est
1813 540 1990 590 chiro·
2007 547 2158 642 5:312,

135 632 403 699 yrapltum
443 628 584 697 quod
618 634 739 679 erat
775 629 1112 679 contrarium
1151 626 1316 689 nobis,
1353 642 1462 694 qua
1500 625 1875 689 triumphatus
1910 629 1990 675 est
2060 631 2072 642 ’

142 715 306 768 hostis
339 719 657 782 computans
693 711 892 765 delicta
925 719 1123 776 nostra,
1150 718 1203 763 et
1239 728 1484 780 quaerens
1512 707 1644 779 quid
1673 707 1912 778 objiciat,
1938 716 1992 760 et

141 800 282 852 nihil
316 800 591 850 inveniens
625 799 684 848 in
721 797 848 849 illox
884 797 941 849 in
981 815 1089 868 quo
1127 797 1409 852 vincimus,
1486 795 1622 855 Quis
1661 795 1712 846 ei
1744 794 1991 846 refundet
2004 795 2102 891 ggh·
2126 798 2193 844 14,

139 884 473 936 innocentem
493 882 838 949 sanguinem?
881 884 1015 943 Quis
1033 884 1080 936 ei
1101 883 1343 935 restituet
1361 881 1591 951 pretium
1613 899 1720 950 quo
1739 898 1842 932 nos
1861 880 1991 932 emit
2060 880 2072 891 ⁰

139 977 199 1021 ut
226 986 326 1020 nos
355 967 557 1020 auferat
581 966 699 1019 ei'?
765 967 851 1019 Ad
877 968 1030 1038 cujus
1054 969 1213 1038 pretii
1239 968 1406 1019 nostri
1436 972 1827 1020 sacramentum
1851 967 1988 1033 liga-

134 1053 215 1106 vit
254 1052 447 1104 ancilla
489 1058 582 1104 tua
623 1052 855 1104 animam
901 1071 1051 1105 suam
1090 1053 1307 1105 vinculo
1351 1052 1496 1104 fidei.
1574 1053 1750 1104 Nemo
1791 1069 1824 1103 a
1865 1068 1988 1120 pro-

132 1139 364 1192 tectione
390 1145 483 1189 tua
513 1137 810 1206 disrumpat
837 1156 971 1190 eam.
1050 1139 1177 1190 Non
1217 1157 1272 1190 se
1309 1138 1619 1206 interponat
1654 1156 1755 1190 nec
1794 1137 1848 1188 vi
1886 1155 1986 1189 nec

136 1222 344 1276 insidiis
381 1224 459 1274 leo
495 1230 549 1274 et
586 1223 782 1275 draco:
814 1241 1016 1294 'neque
1055 1226 1198 1276 enim
1235 1224 1587 1294 respondebit
1622 1225 1718 1276 illa
1754 1224 1892 1276 nihil
1931 1242 1987 1276 se
2007 1233 2163 1279 Ps.9o,

136 1306 344 1372 debere,
368 1326 436 1359 ne
476 1308 824 1360 convincatur
860 1316 914 1360 et
952 1310 1255 1362 obtineatur
1293 1311 1360 1362 ab
1401 1316 1713 1361 accusatore
1752 1309 1950 1362 callido
1971 1329 1985 1372 ;
2009 1289 2070 1328 13.

135 1391 229 1444 sed
263 1392 609 1460 respondebit
647 1393 868 1445 dimissa
906 1394 1089 1446 debita
1127 1414 1225 1447 sua
1263 1397 1330 1446 ab
1372 1413 1453 1457 ec,
1479 1395 1567 1446 cui
1604 1412 1762 1447 nemo
1801 1395 1989 1447 reddet

137 1476 279 1547 quod
302 1495 399 1546 pro
424 1479 585 1529 nobis
610 1497 718 1529 non
747 1478 948 1531 debens
974 1479 1223 1531 reddidit.

205 1567 289 1614 37.
330 1563 411 1614 Sit
449 1581 573 1630 ergo
612 1565 668 1615 in
707 1583 842 1633 pace
885 1584 1007 1617 cum
1049 1567 1179 1631 vir0,
1220 1572 1342 1618 ante
1385 1584 1546 1636 quem
1588 1567 1726 1618 nulli
1769 1574 1822 1619 et
1862 1576 1988 1637 post

132 1666 290 1717 quem
314 1648 446 1698 nulli
480 1656 648 1717 nupta
674 1656 784 1713 est3
826 1652 913 1702 cui
950 1652 1166 1703 servivit
1186 1653 1445 1720 fi·zcctum
1472 1652 1573 1704 tibi
1597 1654 1838 1722 afferens
1862 1673 1985 1706 cum
2006 1661 2104 1701 Luc·
2124 1663 2164 1709 8.

134 1735 440 1797 tolerantia,
455 1741 517 1785 ut
535 1753 655 1786 euin
677 1754 892 1806 quoque
912 1739 1204 1790 lucraretur
1229 1738 1345 1790 tibi.
1400 1740 1475 1789 Et
1499 1738 1721 1807 inspira,
1750 1740 1985 1792 Domine
2005 1718 2071 1756 15.

131 1818 279 1870 Deus
327 1818 532 1883 meus*,
570 1821 773 1888 inspira
823 1823 989 1874 servis
1038 1825 1146 1874 tuis
1195 1824 1445 1875 fratribus
1495 1824 1646 1887 meiS,
1697 1825 1827 1877 filiis
1878 1827 1986 1879 tuis

131 1901 362 1955 dominis
402 1904 553 1967 meis,
586 1907 784 1974 quibus
826 1914 879 1958 et
919 1908 1077 1960 corde
1117 1916 1170 1960 et
1203 1927 1334 1961 voce
1376 1916 1430 1960 et
1468 1909 1657 1961 litteris
1701 1912 1890 1976 servio,
1925 1920 1986 1964 ut

127 1995 392 2057 quotquot
425 1990 542 2041 haec
569 1991 813 2057 legerint,
840 1994 1180 2045 meminerint
1216 1993 1284 2045 ad
1323 1995 1489 2046 altare
1527 2002 1678 2046 tuum
1705 1998 1982 2050 Monnicae

125 2072 337 2124 famulae
364 2082 469 2126 tuae
481 2081 519 2138 -V,
541 2093 662 2126 cum
688 2077 921 2129 Patricio
944 2079 1217 2148 quondam
1237 2078 1352 2148 ejus
1374 2080 1621 2150 conjuge,
1638 2099 1736 2150 per
1756 2101 1985 2151 quorum

126 2175 335 2210 carnem
361 2159 709 2213 introduxisti
736 2181 820 2214 me
841 2163 897 2213 in
923 2164 1062 2216 hanc
1085 2164 1266 2228 vitam,
1288 2165 1760 2233 quemadmodum,
1781 2169 1982 2221 nescio.

128 2242 471 2296 Meminerint
509 2263 631 2297 cum
667 2249 861 2299 affectu
898 2249 991 2316 pio
1026 2258 1308 2317 parentum
1347 2269 1588 2301 meorum
1626 2252 1683 2302 in
1722 2252 1824 2305 hac
1863 2255 1984 2306 luce

128 2328 445 2391 transitoria,
464 2335 517 2380 et
540 2329 757 2382 fratrum
783 2350 1020 2383 meorum
1050 2336 1148 2386 sub
1166 2342 1217 2385 te
1238 2343 1387 2402 patre
1414 2336 1469 2386 in
1495 2343 1661 2388 matre
1681 2338 1984 2403 Catholica‚

127 2418 179 2461 et
207 2411 404 2463 civium
434 2431 670 2465 meomm
700 2416 757 2466 in
788 2425 984 2469 aeterna
1009 2420 1326 2482 Jerusalem,
1355 2421 1443 2471 cui
1482 2422 1713 2489 suspirat
1747 2425 1983 2491 peregri-

124 2495 269 2546 natio
304 2499 495 2565 populi
532 2499 610 2549 tui
646 2502 712 2551 ab
750 2501 901 2552 exitu
936 2520 1107 2571 usque
1145 2503 1214 2554 ad
1247 2504 1507 2568 reditum3
1554 2514 1613 2557 ut
1650 2508 1796 2577 quod
1831 2528 1861 2561 a
1896 2529 1981 2562 me

122 2582 218 2633 illa
261 2584 512 2650 poposcit
562 2593 875 2651 extremum,
920 2588 1137 2638 uberius
1182 2589 1230 2640 ei
1274 2598 1553 2657 praestetur
1594 2592 1650 2643 in
1693 2595 1980 2646 multorum

124 2667 478 2731 orationibuS,
504 2687 601 2738 per
626 2671 988 2724 confessiones
1002 2671 1044 2735 ⁴⁸,
1073 2692 1233 2742 quam
1258 2693 1354 2743 per
1381 2677 1645 2730 orationes
1669 2697 1831 2732 meaS.

179 2878 201 2900 ¹
230 2877 331 2923 Quae
360 2884 417 2916 est
440 2878 593 2931 justitia
615 2894 693 2932 qua
714 2881 837 2921 victus
857 2889 912 2921 est
938 2883 1020 2922 dia-

125 2926 270 2970 bolus?
328 2933 445 2978 Quae,
468 2931 538 2972 nisi
552 2935 705 2985 justitia
725 2937 822 2976 Jesu
844 2937 1020 2976 Christi?

128 2981 180 3019 Et
200 2987 392 3034 quomodo
409 2987 534 3026 victus
551 2992 635 3028 est‘!
682 2991 786 3037 Quia
807 3003 896 3030 cum
917 2991 955 3029 in
974 3005 1020 3030 eo

123 3035 222 3075 nihil
243 3038 399 3090 dignum
418 3049 540 3080 morte
558 3042 763 3087 inveniret.
777 3045 913 3084 occidit
929 3059 1018 3084 eum

124 3095 267 3130 tamen.
305 3094 354 3131 Et
371 3096 503 3146 utique
520 3096 670 3148 justum
687 3106 756 3146 est,
770 3107 813 3138 ut
828 3099 1022 3140 debitores

124 3155 221 3201 quos
236 3146 408 3192 tenebat,
421 3148 530 3187 liberi
544 3151 804 3198 dimittantur,
818 3155 1022 3193 credentes

125 3207 166 3233 in
204 3209 291 3236 eum
329 3213 443 3251 quem
480 3202 561 3242 sine
595 3205 678 3243 ulio
710 3206 839 3246 debito
867 3207 1020 3247 occidit.

128 3248 214 3287 Hoc
232 3260 288 3290 est
306 3255 408 3302 quod
431 3254 635 3307 justificari
664 3260 831 3299 dicimur
860 3261 899 3299 in
930 3275 1020 3300 san-

125 3302 241 3353 guine
259 3304 426 3345 Christi:
465 3308 528 3347 Sic
545 3313 686 3365 quippe
702 3313 741 3352 in
758 3314 1019 3354 remissionem

126 3366 374 3407 peccatorum
410 3369 620 3403 nostrorum
650 3366 836 3407 innocens
864 3370 1023 3414 sanguis

123 3409 190 3448 ille
207 3411 351 3451 effusus
379 3421 449 3452 est.
508 3416 624 3457 Unde
652 3433 691 3459 se
718 3422 827 3467 dicit,
845 3421 882 3460 in
910 3421 1021 3461 Psat-

126 3462 212 3510 mis,
235 3471 261 3488 ‘⁴
282 3466 320 3503 in
340 3467 499 3507 mortuis
520 3470 732 3513 liberum.'’
781 3475 896 3515 Solus
916 3476 1017 3514 enim

123 3528 148 3555 a
169 3516 299 3557 debito
327 3521 458 3560 mortis
485 3522 582 3563 liber
607 3534 667 3566 est
687 3537 875 3570 mortuus.
915 3530 1023 3583 Aug.

124 3568 173 3610 de
192 3571 305 3613 Trin.
321 3573 348 3614 1.
370 3574 450 3614 xiii.
466 3588 502 3614 c.
528 3577 586 3615 14.

1131 2889 1151 2921 Υ
1185 2886 1335 2925 Imitari
1365 2886 1488 2926 visum
1525 2895 1584 2928 est
1612 2895 1782 2929 vetustos
1809 2890 1976 2937 codices,

1076 2938 1143 2990 qui
1182 2953 1271 2979 cum
1311 2942 1467 2994 gemina
1501 2943 1632 2983 littera
1671 2959 1722 2983 nn
1752 2945 1977 2997 praeferunt.

1080 2993 1294 3034 Monnicae:
1353 3010 1430 3049 quo
1470 3007 1585 3049 pacto
1634 2999 1751 3038 etiam
1790 2999 1976 3052 scriptum

1077 3049 1264 3100 reperitur
1301 3048 1340 3088 in
1378 3052 1564 3096 oratione,
1599 3065 1716 3104 quam
1756 3053 1979 3093 willelmus

1078 3103 1215 3149 abbas,
1238 3103 1310 3156 piis
1330 3104 1542 3157 Augustini
1564 3108 1660 3145 votis
1678 3108 1977 3160 obtemperandi

1076 3157 1218 3201 studio,
1240 3160 1455 3211 composuit
1473 3161 1545 3198 sub
1572 3160 1630 3198 his
1650 3162 1801 3201 verbis:
1837 3169 1861 3185 ‘¹
1889 3163 1975 3200 Me·

1078 3218 1222 3256 mento,
1248 3212 1433 3259 Domine,
1453 3214 1593 3252 animae
1614 3214 1749 3253 famuli
1766 3215 1821 3253 tui
1849 3215 1976 3254 Patri-

1076 3264 1138 3308 cii,
1159 3271 1197 3304 et
1215 3264 1373 3304 samulae
1396 3275 1474 3305 tuae
1496 3268 1695 3306 Monnicae
1716 3284 1725 3315 3
1754 3276 1793 3307 et
1820 3268 1851 3307 si
1881 3268 1976 3321 quid

1076 3330 1145 3370 pro
1167 3319 1298 3358 anima
1318 3319 1386 3357 fitii
1415 3319 1585 3372 ipsorum
1617 3322 1766 3360 domini
1793 3323 1869 3362 mei
1889 3323 1976 3362 Au-

1077 3372 1235 3421 gustini,
1256 3373 1495 3412 dilectissimi
1524 3375 1752 3414 confessoris
1780 3376 1853 3422 tui,
1878 3377 1974 3416 mibi

1076 3425 1215 3464 misero
1250 3427 1444 3479 peccatori
1476 3428 1565 3467 licet
1594 3430 1654 3468 vel
1684 3429 1820 3469 intimo
1848 3431 1975 3470 cordis

1074 3477 1219 3517 affectu
1270 3479 1503 3528 desiderare,
1539 3483 1646 3522 etc-⁰
1703 3485 1806 3532 Quae
1852 3485 1974 3525 oratio

1075 3531 1228 3584 integra
1246 3532 1414 3573 habetur
1431 3535 1470 3574 in
1482 3536 1671 3577 Veterum
1689 3538 1972 3580 Analectorum

1076 3594 1180 3624 tomo
1199 3586 1334 3640 primo.
1366 3586 1450 3637 [ed.
1474 3588 1596 3644 Bem]
