2378 4134
1049 192 1326 247 INDEX.

284 328 471 382 religione
488 328 562 370 ruit
578 328 780 376 educatus,
796 327 839 374 9,
858 327 926 367 31.
955 327 1131 382 signatus

284 383 396 443 signo
412 385 566 428 crucis.
595 383 651 424 ib.
695 389 736 424 et
762 389 1008 423 sacramento
1035 383 1130 424 salis

285 437 475 484 initiatus,
498 437 551 479 ib.
576 444 616 477 et
634 450 672 478 n.
703 435 926 490 positusque
944 449 968 475 a
986 449 1123 491 paren·

286 491 393 531 tibus
417 491 459 531 in
484 491 865 532 Catechumenorum
895 491 1035 543 gradu,
1055 493 1124 539 81,

281 547 351 586 97.
380 545 580 585 Stomachi
591 551 726 600 pressu
740 551 899 598 repente
912 552 1127 600 correptus,

284 611 385 653 pene
404 600 614 640 moriturus
641 598 879 653 baptismum
899 598 960 653 pie
977 599 1126 639 instan-

284 661 421 705 terque
439 654 607 704 flagitat,
631 654 693 700 10,
715 654 781 693 73.
812 660 992 706 reparata
1015 654 1126 694 vale·

284 708 419 747 tudine
437 707 654 761 baptismus
671 707 863 754 differtur,
881 706 934 748 ib.

339 761 470 802 Datur
487 764 528 801 in
546 760 722 801 scholam
743 769 787 801 ut
813 761 939 801 discat
959 761 1125 807 litteras,

285 815 325 856 8.
368 828 464 869 puer
493 815 616 867 coepit
649 815 784 855 Deum
817 828 967 869 rogare,
1002 828 1053 855 ne
1083 815 1125 855 in

287 868 434 908 Schola
450 870 669 923 vapularet,
689 869 741 910 ib.
773 871 932 923 qualem
953 870 1032 910 Dei
1054 882 1123 908 no-

283 922 430 963 tionem
462 930 556 963 tunc
591 923 786 971 habuerit,
824 925 877 964 ib.
925 923 1018 963 satis
1054 937 1124 978 pro

285 984 401 1017 aetate
430 977 672 1029 ingeniosus,
693 978 746 1019 ib.
787 984 828 1017 at
856 991 986 1018 amore
1016 977 1128 1018 lusus

282 1037 325 1070 et
342 1033 649 1084 spectatulorum
664 1039 850 1072 avocatur
869 1045 893 1072 a
910 1032 1126 1072 litterarum

281 1086 428 1131 studio,
465 1087 503 1126 9.
565 1086 738 1126 victoriae
775 1087 816 1126 in
854 1086 1132 1126 certaminibus

285 1153 436 1184 amans.
467 1140 522 1181 ib.
558 1143 622 1188 ll,
654 1142 716 1181 16.
755 1141 944 1187 curiosus,
973 1142 1024 1180 ib.
1073 1154 1130 1181 re·

286 1193 385 1245 sugit
406 1194 622 1234 litterarum
655 1195 890 1240 rudimenta,
913 1196 977 1234 ubi
1002 1195 1131 1248 legere

285 1248 456 1288 scribere
473 1255 514 1288 et
545 1262 750 1289 numerare
775 1250 951 1296 discitur,
968 1251 1039 1294 10,
1067 1250 1128 1295 ll,

291 1303 353 1343 12.
399 1303 559 1342 Latinas
578 1303 740 1348 litteras,
761 1317 860 1356 quas
890 1304 989 1343 inter
1015 1303 1129 1343 blan-

285 1355 461 1395 dimenta
491 1358 684 1397 nutricum
714 1358 902 1397 didicerat
925 1359 1040 1408 (12.)
1061 1359 1129 1398 ad-

287 1411 575 1454 amat‚Graecas
586 1412 679 1459 odit,
697 1413 758 1452 11.
777 1412 924 1466 quippe
936 1411 1130 1461 difficiles,

292 1466 354 1504 12.
391 1466 558 1505 Poeseos
577 1466 878 1514 amantissimus,
892 1466 945 1506 ib.
970 1468 1030 1507 14.
1064 1468 1131 1507 Ob

288 1532 532 1572 progressum
546 1519 587 1558 in
604 1520 738 1560 litteris
755 1525 781 1542 “
798 1521 910 1559 Bonae
923 1525 997 1571 spei
1010 1522 1131 1571 puer”

288 1574 524 1626 appellatur,
539 1575 601 1614 14.
639 1574 720 1628 lpsi
738 1573 778 1613 in
800 1574 954 1614 scholis
969 1588 1051 1614 sese
1063 1589 1131 1615 ex-

284 1629 431 1666 ercenti
445 1627 681 1668 acclamatur
691 1641 770 1681 prae
781 1628 915 1668 multis
925 1629 1133 1669 coaetaneis

286 1689 325 1720 et
354 1682 654 1728 conlectoribus,
685 1685 746 1723 15.
792 1684 1040 1723 Litteraturae
1072 1692 1131 1722 at-

285 1748 364 1788 quc
382 1736 574 1776 Oratoriae
594 1737 853 1791 percipiendae
867 1751 1007 1777 caussa
1023 1752 1133 1791 pere-

287 1790 462 1838 grinatur
507 1790 546 1830 in
587 1791 714 1831 vicina
762 1792 860 1831 urbe
908 1793 1132 1839 Madauris,

341 1898 617 1944 Adolescentia,
637 1906 700 1939 aet.
724 1914 787 1938 an.
810 1898 885 1939 xvi.
910 1901 958 1939 18
978 1913 1062 1952 sqq.

340 1951 420 1992 An.
470 1959 537 1991 aet.
577 1953 641 1991 xvi
695 1953 734 1991 in
787 1963 951 2005 paterna
1004 1956 1135 2000 domo,

291 2004 518 2045 intermissis
563 2019 613 2046 ex
659 2007 887 2047 necessitate
924 2009 1137 2048 domestica

290 2060 448 2105 studiis,
476 2060 665 2113 transigit,
693 2061 805 2112 genio
834 2074 880 2100 ac
908 2062 1138 2102 libidinibus

289 2113 511 2166 indulgens,
529 2115 594 2155 20.
628 2116 737 2154 Inter
755 2123 963 2156 coetaneos
980 2117 1137 2156 minoris

291 2167 493 2207 dedecoris
512 2168 647 2221 pudet,
669 2171 736 2217 21,
755 2171 821 2209 29.

345 2222 487 2261 Matris
507 2223 679 2261 monitus
698 2237 765 2277 pro
786 2224 1043 2263 muliebribus
1062 2224 1132 2263 ha-

289 2276 370 2320 bet,
390 2278 456 2315 21.
502 2277 732 2329 Numquam
760 2285 892 2317 tamen
912 2277 953 2316 in
971 2286 1133 2318 matrem

295 2330 604 2370 contumeliosus
634 2339 702 2370 aut
726 2332 845 2371 verbo
875 2332 1009 2377 durus,
1040 2334 1128 2373 164.

294 2386 385 2431 Quo
404 2385 563 2423 consilio
582 2398 722 2438 parens
739 2394 902 2439 uterque
924 2400 1082 2427 uxorem
1098 2388 1134 2427 ei

288 2439 383 2477 dare
403 2438 576 2486 nolebat,
596 2441 662 2478 21.

346 2493 508 2531 Furtum
528 2501 760 2532 nocturnum
782 2494 1002 2540 committit,
1022 2496 1089 2535 22.

346 2547 425 2585 AEt.
446 2562 510 2586 an.
530 2548 770 2587 xvii—xxix.
792 2550 968 2588 27—81.
991 2550 1060 2587 30.

350 2600 574 2640 Studiorum
594 2615 734 2641 caussa
748 2603 1028 2655 Carthaginem
1048 2603 1134 2641 mit-

293 2654 387 2693 titur
427 2661 490 2694 aet.
520 2668 584 2695 an.
617 2656 710 2695 xvii.
737 2657 804 2701 27,
833 2658 900 2696 30.
968 2658 1051 2696 Sub
1094 2656 1134 2696 id

293 2715 448 2760 tempus
466 2710 626 2748 orbatur
642 2718 768 2764 patre,
789 2710 840 2750 ib.

349 2763 602 2815 Prosequitur
621 2764 762 2807 studia,
782 2772 904 2804 matre
923 2771 962 2803 et
987 2764 1136 2804 Roma-

294 2816 410 2855 niano
446 2819 564 2867 (100,
597 2819 662 2864 n.)
694 2827 845 2858 sumtus
879 2819 1133 2871 suppeditan-

294 2870 412 2915 tibus,
433 2872 499 2911 30.
543 2873 680 2912 Studia
697 2873 783 2927 ejus
802 2872 852 2913 ad
872 2873 954 2912 fora
972 2871 1138 2926 litigiosa

291 2925 521 2973 tendebant,
539 2927 605 2967 29.

347 2980 397 3018 In
414 2979 550 3019 schola
578 2980 739 3020 rhetoris
765 2980 890 3032 major
908 2987 981 3027 est,
1000 2979 1055 3021 ib.
1097 2981 1135 3020 A

293 3034 466 3073 moribus
485 3035 674 3087 protervis
692 3035 1050 3088 condiscipulorum
1069 3036 1136 3087 qui

295 3088 503 3126 Eversores
514 3088 760 3136 dicebantur,
775 3089 972 3136 abhorret,
986 3090 1054 3134 71,
1063 3091 1130 3129 29.

294 3141 440 3193 pudure
475 3148 607 3182 tamen
639 3142 876 3195 impudenti,
908 3143 1015 3193 quod
1047 3143 1136 3182 talis

295 3207 373 3235 non
394 3201 507 3241 esset,
525 3195 577 3235 ib.

348 3251 494 3287 Amore
510 3248 677 3303 capitur,
697 3250 763 3287 27.
797 3249 996 3289 theatricis
1022 3263 1134 3303 spec-

298 3302 452 3348 taculis,
474 3302 526 3341 ib.

351 3357 398 3395 ln
427 3354 654 3394 celebritate
681 3354 985 3395 sollemnitatum
1007 3368 1135 3394 sacra·

296 3423 379 3449 rum
392 3410 496 3448 intra
509 3409 684 3448 ecclesiae
701 3409 868 3461 parietes
881 3423 999 3461 grave
1013 3411 1136 3461 quod-

295 3465 386 3502 dam
407 3462 560 3502 facinus
585 3462 772 3507 admittit,
791 3464 857 3503 29.
901 3463 966 3503 Ob
987 3464 1092 3516 quod
1111 3477 1135 3503 a

298 3518 389 3556 Deo
407 3516 572 3569 graviter
590 3517 828 3562 verberatur,
846 3517 901 3558 ib.

351 3570 624 3611 Concubinam
638 3570 753 3615 fovet,
765 3578 970 3621 servatque
989 3570 1024 3610 ei
1042 3570 1140 3610 thori

297 3623 433 3673 fidem,
452 3626 516 3665 46.
548 3623 670 3664 filium
693 3637 742 3664 ex
762 3624 849 3677 ipsa
867 3625 1051 3678 suscepit,
1072 3626 1135 3665 46.

302 3678 548 3719 Adeodatum
573 3678 743 3725 nomine,
761 3679 847 3718 154.
871 3679 990 3732 (Vide
1010 3679 1138 3719 Adeo-

1977 203 2083 249 ³0⁹

1237 324 1394 378 datus.)
1449 324 1695 367 Adolescens
1729 327 1888 381 potebat
1925 341 1950 369 a
1987 329 2078 371 Deo

1235 381 1468 429 castitatem,
1496 378 1567 420 sed
1592 380 1672 422 cito
1695 381 1876 423 exaudiri
1906 382 2080 431 nolebat,

1287 487 1367 528 An.
1393 487 1479 528 AEt.
1507 485 1590 528 xix.
1641 487 1844 530 Ciceronis
1872 490 2082 532 Hortensio

1233 541 1287 582 ad
1315 540 1518 594 sapientire
1552 541 1725 582 studium
1754 542 1989 589 incenditur.
2009 547 2075 587 30.

1233 608 1324 636 cum
1355 602 1488 635 tamen
1515 594 1571 635 ibi
1599 595 1748 637 Christi
1775 610 1920 639 nomen
1949 599 2081 653 requi·

1234 655 1351 695 reret,
1372 650 1467 702 (81,
1486 650 1580 697 31.)
1607 649 1647 689 in
1673 650 1843 692 Sanctae
1861 652 2083 708 Scripturas

1234 703 1409 743 animum
1429 703 1611 754 intendit,
1632 706 1697 746 31.
1751 705 1834 746 Has
1856 706 2019 760 negligit
2037 716 2082 748 ut

1233 758 1415 852 indigni-ig
1429 771 1528 812 quas
1546 758 1744 800 Tullianae
1769 759 1951 813 dignitati
1975 773 2083 802 com·

1259 820 1354 859 aret,
1374 825 1388 851 ι
1417 842 1428 852 .

1231 826 1257 867 p
1287 865 1518 918 Categorias
1535 865 1773 913 Aristotelis,
1785 873 1826 907 et
1845 862 2084 910 Liberalium

1231 921 1374 960 artium
1402 920 1522 960 libros
1554 933 1680 960 annos
1709 928 1827 961 natus
1855 921 1990 971 ferme,
2011 937 2079 964 xx.

1235 988 1304 1028 per
1323 988 1406 1015 sese
1426 974 1634 1022 intellexit,
1653 976 1722 1022 60,
1743 977 1812 1023 61,
1831 977 1899 1017 62.

1292 1029 1343 1069 In
1378 1029 1695 1069 Manichaeorum
1727 1030 1894 1070 haeresin
1931 1030 2082 1078 incidit,

1238 1083 1304 1123 31.
1347 1083 1390 1123 in
1419 1096 1467 1123 ea
1496 1096 1564 1137 per
1589 1083 1828 1124 novennium
1853 1098 1908 1126 sc.
1933 1086 1984 1125 ab
2014 1098 2080 1127 an.

1238 1144 1302 1177 aet.
1342 1138 1411 1177 xix
1443 1139 1494 1178 ad
1531 1138 1652 1178 xxviii
1690 1139 1870 1192 persistit,
1908 1142 1978 1184 45,
2015 1142 2083 1186 43,

1239 1192 1308 1239 60,
1338 1193 1407 1238 31,
1438 1205 1477 1232 n.
1521 1192 1679 1232 Inducit
1705 1193 1803 1233 alios
1831 1194 1872 1232 in
1899 1194 2083 1235 eumdem

1239 1259 1422 1290 errorem,
1445 1248 1511 1291 45,
1535 1248 1601 1295 49,
1621 1249 1690 1293 92,
1714 1249 1806 1294 100,
1828 1261 1866 1288 n.

1295 1300 1393 1353 Ejus
1410 1300 1562 1340 interim
1581 1315 1728 1342 errores
1743 1302 1792 1342 de
1813 1302 1917 1349 Deo,
1930 1304 1997 1346 35.
2014 1304 2084 1349 59,

1238 1354 1305 1392 62.
1339 1354 1389 1394 de
1412 1355 1584 1400 Christo,
1607 1358 1674 1401 72,
1693 1364 1732 1396 et
1751 1370 1789 1397 n.
1822 1355 1872 1395 de
1903 1356 2085 1396 rationali

1239 1414 1277 1445 et
1295 1407 1506 1450 irrationali
1525 1418 1679 1458 natura,
1692 1412 1758 1450 58.
1791 1410 1839 1450 de
1853 1418 1964 1450 terrae
1979 1411 2085 1451 fruc-

1240 1461 1359 1506 tibus,
1378 1464 1444 1508 39,
1467 1465 1532 1505 40.
1566 1466 1616 1503 de
1641 1465 1763 1504 veteri
1792 1466 1917 1517 Lege,
1937 1467 2004 1505 35.
2036 1466 2085 1504 de

1241 1516 1387 1556 sanctis
1425 1518 1619 1565 Patribus,
1654 1519 1707 1558 ib.
1745 1519 1811 1559 39.
1856 1520 1905 1558 de
1942 1526 2085 1558 natura

1240 1570 1348 1616 mali,
1368 1574 1435 1615 35,
1457 1574 1522 1612 58.
1554 1574 1603 1612 de
1632 1574 1785 1626 peccati
1814 1585 1968 1619 caussa,
1995 1575 2086 1620 106,

1240 1626 1308 1672 74,
1329 1638 1365 1665 n.
1397 1626 1438 1665 in
1456 1626 1569 1678 cujus
1597 1626 1843 1680 inquisitione
1871 1635 2085 1681 torquetur,

1239 1681 1309 1720 35.
1337 1681 1425 1724 107.
1449 1683 1534 1722 llt.

1297 1735 1530 1774 Convictum
1563 1734 1629 1774 filii
1646 1735 1707 1774 sui
1727 1735 1869 1787 refugit
1897 1736 2088 1776 Monnica

1242 1787 1442 1828 detestans
1464 1789 1726 1844 blasphemias
1746 1790 1843 1842 ejus,
1865 1792 1930 1829 42.
1969 1798 2008 1829 at
2037 1792 2086 1831 de

1242 1841 1370 1882 futura
1387 1844 1472 1897 ejus
1491 1843 1753 1898 resipiscentia
1778 1857 1848 1897 per
1875 1845 2086 1893 somnium,

1244 1897 1360 1949 (42.)
1405 1912 1550 1951 perque
1579 1897 1753 1951 episcopi
1788 1897 1993 1950 cujusdam
2029 1913 2088 1939 re-

1241 1965 1442 2003 sponsum,
1463 1952 1579 2002 (44.)
1607 1952 1824 2002 admonita,
1855 1966 1991 1993 mensa
2016 1954 2086 1994 do-

1243 2018 1386 2057 moque
1406 2020 1535 2047 rursus
1552 2007 1708 2060 excipit,
1730 2009 1795 2047 42.
1830 2008 1964 2047 matris
1983 2021 2086 2047 som-

1244 2059 1354 2098 nium
1376 2060 1451 2100 alio
1469 2061 1718 2113 detorquens,
1732 2061 1809 2100 cita
1829 2060 1914 2113 ejus
1929 2075 2087 2115 respon-

1243 2114 1352 2154 sione
1372 2116 1494 2166 magis
1514 2129 1634 2168 quam
1649 2115 1732 2169 ipso
1748 2115 1896 2155 somnio
1914 2130 2088 2157 commo-

1243 2175 1371 2212 vetur,
1394 2168 1448 2209 ib.

1302 2222 1556 2262 Rhetoricam
1602 2221 1733 2271 docet,
1781 2223 1846 2263 46.
1917 2225 2089 2277 primum

1242 2275 1465 2329 Thagastae,
1481 2278 1628 2324 46,52‚
1645 2279 1707 2317 49.
1730 2284 1812 2317 tum
1831 2278 2087 2331 Carthagine,

1241 2331 1307 2370 52.
1330 2344 1408 2383 quo
1422 2331 1664 2384 impatientia
1678 2331 1822 2371 doloris
1832 2345 1880 2372 ex
1893 2333 2007 2372 amici
2021 2347 2090 2373 cu-

1238 2384 1395 2435 jusdam
1409 2385 1468 2424 sui
1487 2394 1624 2428 morte.
1639 2385 1755 2438 (50.)
1769 2386 2017 2439 migraverat,
2032 2389 2086 2430 ib.

1297 2438 1528 2492 Aruspicem
1555 2439 1626 2478 sibi
1650 2439 1825 2493 palmam
1844 2441 1884 2480 in
1903 2441 2090 2483 litterario

1242 2493 1455 2533 certamine
1473 2493 1762 2548 promittentem
1778 2495 2002 2544 detestatur,
2019 2499 2086 2540 46.

1243 2546 1300 2585 At
1330 2548 1533 2587 consulere
1546 2547 1645 2587 solet
1675 2549 1998 2595 Mathematicos,
2019 2553 2086 2593 47.

1243 2613 1266 2639 a
1288 2602 1431 2653 quibus
1452 2615 1616 2641 avocare
1637 2602 1765 2656 ipsum
1795 2603 1937 2642 frustra
1956 2605 2090 2646 nititur

1244 2655 1504 2695 vindicianus
1526 2669 1664 2703 senex,
1690 2659 1755 2697 48.
1792 2664 1831 2697 et
1858 2659 2086 2706 Nebridius,

1242 2708 1295 2749 ib.
1328 2709 1406 2749 Sed
1421 2709 1524 2750 istud
1538 2710 1791 2752 divinationis
1804 2725 1927 2764 genus
1942 2726 2090 2754 vanum

1241 2775 1324 2802 esse
1343 2764 1502 2804 demum
1521 2764 1703 2817 intelligit
1714 2766 1850 2805 audita
1870 2769 2089 2809 narratione

1246 2817 1421 2866 Firmini‚
1444 2820 1536 2858 109.
1562 2826 1602 2858 et
1620 2833 1776 2872 prorsus
1794 2820 1928 2872 rejicit,
1954 2823 2042 2863 108.

1300 2872 1439 2912 Libros
1464 2876 1509 2912 de
1538 2874 1704 2913 Pulchro
1721 2884 1756 2914 et
1775 2876 1871 2926 Apro
1898 2876 1998 2916 duos
2022 2882 2091 2916 aut

1245 2935 1322 2966 tres
1339 2927 1488 2974 scribit,
1508 2928 1574 2967 57.
1607 2928 1676 2968 cir.
1694 2941 1786 2970 ann.
1806 2936 1868 2970 aet.
1891 2931 1998 2977 xxvi,
2019 2938 2090 2971 aut

1245 2980 1362 3026 xxvii,
1382 2982 1447 3021 60.
1490 2995 1588 3032 quos
1609 2982 1747 3024 Hierio
1771 2984 1963 3024 Romanae
1984 2985 2090 3025 urbis

1244 3035 1387 3074 oratori
1407 3043 1624 3089 nuncupat,
1644 3038 1709 3077 57.

1297 3090 1485 3129 Movetur
1513 3090 1686 3144 Helpidii
1714 3091 1975 3144 disputatione
1995 3106 2089 3132 con·

1245 3149 1303 3182 tra
1324 3145 1368 3182 M
1375 3143 1570 3183 anichaeos
1585 3145 1691 3197 apud
1705 3145 2001 3196 Carthaginem,
2020 3148 2085 3187 77.

1246 3210 1395 3236 necnon
1418 3198 1600 3237 Nebridii
1619 3205 1756 3237 contra
1783 3200 1940 3239 eosdem
1972 3213 2088 3252 argu-

1244 3258 1391 3294 mento,
1414 3253 1502 3291 105.

1299 3305 1380 3345 Cir.
1418 3319 1480 3344 an.
1519 3311 1582 3344 aet.
1621 3305 1731 3345 xxix.
1784 3318 1806 3343 a
1855 3306 2090 3347 manichaeis

1247 3357 1406 3397 alienari
1426 3358 1574 3411 incipit.
1594 3367 1794 3411 comperta
1812 3361 1943 3399 Fausti
1965 3361 2090 3414 impe-

1246 3410 1345 3458 ritia,
1377 3413 1532 3460 69‚70,
1552 3414 1616 3453 75.
1659 3427 1736 3452 non
1768 3423 1898 3452 tamen
1931 3418 2092 3455 omnino

1246 3466 1404 3511 recedit,
1443 3468 1509 3507 75.
1575 3467 1764 3506 Nondum
1804 3468 1909 3506 enim
1945 3469 2090 3509 intelli-

1244 3532 1341 3571 gens
1359 3534 1449 3573 quae
1469 3521 1518 3560 sit
1539 3521 1635 3560 fides
1656 3522 1879 3566 Catholica,
1899 3524 1963 3563 76.
2002 3523 2091 3563 des-

1249 3581 1358 3623 perat
1377 3576 1416 3614 in
1441 3575 1621 3614 Ecclesia
1640 3588 1752 3628 posse
1768 3575 1932 3615 inveniri
1943 3590 2094 3619 verum.

1249 3628 1316 3673 79,
1335 3630 1399 3668 76.
1432 3636 1471 3669 et
1490 3629 1539 3668 ad
1559 3629 1844 3683 philosophiam
1868 3630 2090 3684 Scepticam

1250 3694 1461 3735 propensus
1481 3691 1552 3731 est,
1575 3685 1640 3731 75,
1657 3685 1724 3729 80,
1747 3685 1812 3731 81,
1834 3698 1872 3724 n.
