2378 4134
807 480 1254 546 SYLLABUS

285 655 346 687 AD
367 650 486 689 QUOS
508 652 561 685 IN
586 654 707 685 Eni'r.
728 652 992 684 NOVlssuaA
1011 650 1287 681 PARISIENSI
1310 650 1566 682 amomum
1589 651 1711 682 SUNT
1726 649 2092 680 CONFESSIONUM
2115 650 2159 680 LI
2171 650 2269 690 niu,

1328 482 1742 545 OODICUM

744 789 1006 834 NECNON
1054 787 1409 831 VARIANTES
1455 787 1816 832 LECTIONES.

1146 973 1416 1010 ..4-

428 1154 824 1192 MANUSCRIPTI
853 1154 1114 1193 CODICES.

350 1232 699 1273 Courtssronun
749 1229 838 1272 libri
871 1229 1071 1286 prodeunt
1105 1228 1170 1269 hie
1205 1228 1256 1269 de

294 1299 398 1328 novo
427 1286 630 1328 emendati
656 1286 708 1328 ad
733 1294 886 1328 veteres
904 1286 1067 1327 codices
1093 1284 1257 1338 optimae

296 1349 401 1384 notae
430 1343 726 1388 Fossatensem,
755 1343 790 1382 T
794 1343 1012 1388 huaneum,
1043 1340 1262 1382 Corbeien-

297 1413 395 1447 sem,
447 1398 786 1446 Germanensem,
833 1398 1148 1452 Benignianum,
1193 1397 1262 1450 qui

298 1461 393 1495 ante
408 1466 536 1494 annos
551 1455 633 1495 700
655 1454 718 1494 vel
738 1456 819 1495 800
840 1454 976 1509 scripti
994 1453 1177 1494 videntur
1194 1467 1201 1490 z

354 1511 541 1565 Insuper,
557 1510 608 1550 ad
626 1511 724 1550 alios
739 1510 899 1551 codices
910 1509 1105 1550 inferioris
1115 1508 1260 1554 aetatis,

301 1573 372 1606 aut
402 1566 518 1606 nobis
550 1566 620 1619 qui
657 1579 734 1606 non
768 1579 908 1607 omues
939 1565 1108 1620 propriis
1134 1563 1262 1605 oculis

298 1622 595 1677 exploravimus
612 1621 885 1678 incompertae,
906 1621 1062 1661 scilicet
1083 1621 1134 1661 ad
1153 1620 1262 1660 The-

301 1677 587 1724 odericensem,
610 1678 892 1724 Albinensem,
909 1679 1131 1731 Lyranmn,
1146 1675 1263 1717 Vali-

300 1746 482 1782 nensem,
501 1733 689 1785 Regium,
702 1733 986 1779 Vedastinum‚
1000 1732 1264 1780 Vaticanum,

302 1803 427 1830 unum
459 1802 481 1829 e
509 1788 754 1830 bibliotheca
780 1790 879 1830 RR.
901 1789 986 1829 ΡΡ.
1019 1787 1265 1828 Praedicato·

304 1859 391 1885 rum
435 1844 562 1885 Paris.
603 1845 668 1886 via
707 1846 918 1892 Jacobaea‚
960 1858 1008 1883 ex
1048 1843 1268 1883 Sorbonica

305 1901 422 1950 duos,
436 1914 485 1941 ex
501 1899 710 1941 Victorina
728 1910 819 1948 tres,
833 1915 881 1941 ex
902 1900 1147 1940 bibliotheca
1169 1899 1269 1939 RR.

306 1958 395 1998 ΡΡ.
426 1957 814 2009 Augustiniauorum
851 1956 1011 2011 majoris
1049 1962 1271 1996 conventus

307 2014 437 2054 Paris.
458 2020 631 2065 quatuor
649 2030 658 2053 ε

363 2068 571 2122 Denique,
593 2069 644 2110 ad
667 2068 886 2110 Variantes
907 2067 1119 2108 Lectiones
1139 2069 1269 2108 Lova·

309 2125 510 2166 niensium
555 2138 652 2165 cura
688 2139 737 2165 ex
776 2124 954 2178 quinque
992 2123 1274 2178 manuscriptis

309 2181 499 2222 collectas
516 2195 526 2229 ;
557 2194 711 2222 necnon
730 2180 782 2221 ad
799 2187 969 2233 quatuor
984 2180 1275 2231 manuscriptos

310 2236 577 2288 Anglicanos,
609 2236 762 2276 scilicet
803 2249 924 2276 unum
965 2248 1013 2275 ex
1045 2235 1276 2276 Bodleiana

311 2291 573 2340 bibliotheca,
595 2292 696 2332 duos
725 2307 773 2332 ex
804 2291 987 2344 Collegio
1010 2290 1274 2335 Mertonensi,

310 2356 351 2389 et
371 2361 496 2389 unum
516 2361 564 2388 ex
588 2347 764 2388 Archiva
785 2346 990 2387 Laudina.
1043 2346 1165 2400 [Hos,
1182 2359 1276 2387 curn

311 2417 452 2500 palrum
473 2411 661 2514 ᾶῖουτᾶῑθ
686 2403 823 2444 collati
852 2402 1014 2448 suerint,
1033 2403 1167 2443 denuo
1182 2416 1277 2443 con·

312 2468 354 2501 tu
375 2473 490 2500 imus.

568 2589 730 2626 EDITI
762 2589 1021 2626 CODICES.

371 2666 680 2708 Confessionum
714 2666 842 2706 Libris
870 2665 1134 2706 emendandis
1165 2664 1280 2704 adhi-

315 2722 393 2783 biti.
406 2727 500 2762 sunt
519 2721 617 2762 editi
638 2721 796 2762 codices
824 2721 1068 2776 antiquiores
1093 2728 1135 2761 et
1160 2723 1277 2761 casti-

313 2786 511 2832 gatiores:

317 2856 411 2896 Am.
455 2855 506 2895 Id
540 2862 614 2902 est,
646 2855 747 2896 liber
786 2866 961 2895 excusus
999 2852 1173 2893 Basileae
1213 2866 1283 2904 per

445 2911 646 3006 ὶῐὲἓῐὸηεῐῃ
660 2910 710 2951 de
728 2909 979 2960 Amerbach‚
995 2921 1102 2950 anno
1115 2908 1281 2948 Domini

319 3021 423 3061 Bad.
446 3022 578 3069 Quem
602 3021 782 3062 Jodocus
803 3018 960 3059 Badius
989 3033 1058 3073 per
1078 3019 1282 3059 Joannem

448 3077 624 3117 Parvum
642 3075 809 3118 Parisiis
828 3075 972 3115 excudi
988 3073 1161 3123 curavit,
1178 3087 1283 3114 anno

447 3134 567 3173 1502.

321 3189 389 3228 Er.
449 3187 651 3228 Desiderii
673 3188 830 3228 Erasmi
861 3200 956 3227 cura
986 3185 1223 3238 castigatus,
1245 3193 1286 3227 et

451 3244 702 3284 Frobeniano
749 3244 859 3298 prelo
907 3242 1042 3283 editus
1090 3241 1282 3290 Basileae‚

452 3313 557 3340 anno
579 3300 700 3340 1529.

322 3357 421 3397 Lov.
453 3355 572 3397 Liber
592 3356 660 3409 qui
677 3355 798 3410 juxta
818 3353 1134 3407 recognitionum
1150 3353 1283 3395 Theo-

449 3411 629 3465 logorum
671 3409 997 3457 Lovaniensium,
1037 3423 1086 3451 ex
1127 3410 1284 3452 Planti-

1439 1131 1561 1173 niana
1577 1131 1844 1188 typographia
1862 1130 2010 1186 prodiit
2027 1130 2278 1186 Antuerpiae,

1444 1201 1549 1228 anno
1574 1187 1692 1229 1577.

1316 1244 1417 1284 Arn.
1449 1243 1585 1285 Editio
1603 1256 1693 1298 quae
1717 1243 1773 1283 D.
1799 1243 1963 1283 Antonii
1987 1241 2158 1282 Arnaldi
2186 1242 2278 1282 doc-

1447 1300 1543 1340 toris
1578 1299 1786 1340 Sorbonici
1818 1298 1949 1339 studio
1987 1298 2037 1337 ad
2067 1297 2280 1338 duodecim

1445 1355 1739 1410 manuscriptos
1765 1353 1969 1409 recognita
2000 1352 2145 1409 prodiit
2165 1354 2280 1394 Pari-

1453 1411 1535 1459 siis,
1558 1424 1663 1451 anno
1690 1411 1813 1451 1649.

1380 1664 1531 1703 Praeter
1571 1662 1766 1704 editiones
1804 1663 1923 1704 modo
1961 1664 2108 1704 allatas
2141 1663 2286 1718 quibus

1322 1720 1450 1760 solum
1486 1718 1544 1760 usi
1580 1718 1737 1758 fuerant
1761 1720 1858 1759 th.
1893 1720 1983 1761 ΡΡ.
2016 1718 2286 1765 Benedictini‚

1328 1775 1503 1815 Editioni
1530 1776 1679 1815 recenti
1709 1775 1923 1815 Parisiensi
1953 1774 2194 1816 accurandae
2215 1773 2285 1813 ad-

1326 1831 1439 1871 hibiti
1471 1837 1565 1870 sunt
1593 1829 1870 1883 castigatiores
1900 1831 2006 1878 libri,
2030 1838 2113 1871 tum
2135 1837 2288 1871 veteres

1327 1895 1411 1927 tum
1435 1885 1692 1926 recentiores:

1330 1964 1466 2017 Lugd.
1497 1962 1630 2003 Editio
1650 1962 1949 2014 Lugdunensis,
1970 1962 2064 2003 anni
2083 1965 2200 2004 1561.

1331 2022 1437 2060 Ven.
1467 2019 1604 2059 Editio
1624 2019 1800 2067 Veneta,
1825 2018 1919 2059 anni
1945 2021 2066 2060 1584.

1331 2079 1481 2116 Somm.
1524 2074 1659 2114 Editio
1700 2075 1754 2114 H.
1793 2075 2002 2115 Sommalii
2035 2089 2057 2115 e
2093 2073 2291 2114 Societate

1463 2131 1581 2172 Jesu.
1592 2130 1774 2171 Coloniae
1786 2130 2038 2185 Agrippinae,
2053 2143 2157 2170 anno
2169 2130 2290 2170 1629.

1333 2190 1434 2228 Lov.
1468 2185 1601 2225 Editio
1631 2186 1823 2240 posterior
1843 2187 2137 2239 Tlieologorum
2160 2186 2291 2224 Lova-

1462 2241 1673 2282 niensium.
1720 2241 1970 2296 Antuerpiae,
2002 2240 2113 2296 apud
2142 2241 2293 2293 Engel-

1463 2297 1621 2338 bertum
1642 2298 1907 2349 Gymnicum,
1931 2310 2038 2338 anno
2058 2297 2180 2338 1662.

1337 2354 1451 2394 Dub.
1476 2352 1609 2392 Editio
1639 2366 1729 2406 quae
1762 2354 1821 2393 D.
1844 2353 2001 2392 Dubois
2029 2366 2124 2394 cura
2154 2351 2297 2406 prodiit

1470 2408 1634 2449 Parisiis
1672 2422 1720 2448 ex
1759 2409 1867 2462 typis
1897 2409 2068 2449 Joannis
2103 2408 2296 2463 Baptistae

1473 2463 1692 2517 Coignard,
1715 2477 1820 2503 anno
1844 2465 1961 2504 1687.

1341 2519 1554 2561 Benedict.
1588 2519 1721 2559 Editio
1753 2519 2032 2564 Benedictina,
2051 2532 2200 2559 excusa
2230 2517 2297 2558 de·

1469 2588 1548 2615 nuo
1569 2576 1819 2630 Antuerpiae‚
1843 2589 1947 2615 anno
1971 2577 2092 2616 1700.

1339 2634 1464 2672 Mart.
1495 2631 1632 2672 Editio
1655 2632 1780 2671 Dom.
1802 2631 1843 2672 J.
1871 2631 2026 2671 Martin
2049 2627 2302 2670 Benediciini

1468 2701 1489 2727 e
1512 2686 1832 2740 Congregatione
1859 2686 1902 2727 S.
1923 2687 2075 2733 Mauri,
2098 2684 2302 2738 recognita

1469 2742 1520 2782 ad
1562 2743 1769 2796 antiquam
1811 2741 2028 2784 editionem
2071 2739 2297 2783 Ulimmerii

1469 2811 1623 2839 necnon
1658 2797 1709 2838 ad
1746 2797 1960 2838 duodecim
1996 2795 2301 2851 manuscriptos.

1474 2854 1650 2899 Parisiis,
1673 2866 1780 2894 anno
1802 2855 1924 2894 1741.

1343 2910 1373 2950 F
1379 2910 1449 2950 lor.
1475 2911 1538 2950 Fr.
1549 2910 1794 2962 Archangeli
1808 2922 1831 2948 a
1843 2908 2156 2949 I’raesentatione
2171 2920 2300 2947 saeer-

1471 2965 1591 3012 dotis,
1614 2965 1778 3019 professi
1803 2964 2034 3005 Carmelitae
2064 2963 2303 3007 excalceati,

1473 3020 1705 3071 Tlieologiae
1726 3028 1765 3060 et
1792 3019 2007 3074 Scripturae
2030 3025 2181 3059 sanctae
2199 3019 2301 3058 Lec-

1470 3076 1579 3124 toris‚
1602 3076 1807 3128 recognita
1836 3077 1887 3116 ad
1918 3075 2067 3115 multas
2091 3072 2302 3120 editiones,

1472 3144 1626 3172 necnon
1660 3131 1710 3171 ad
1741 3130 1931 3171 tredecim
1962 3129 2130 3170 Etruriae
2161 3142 2305 3169 manu·

1472 3187 1649 3241 scriptos.
1695 3186 1922 3234 Florentiae,
1944 3199 2050 3226 anno
2074 3187 2196 3227 1757.

1346 3240 1479 3283 Rond.
1512 3243 1559 3283 L.
1592 3243 1652 3283 St.
1677 3242 1844 3282 Rondet
1872 3240 2005 3282 studio
2034 3241 2183 3282 collata
2213 3252 2304 3280 cum

1474 3297 1673 3339 sexdecim
1704 3297 2001 3352 manuscriptis,
2025 3309 2179 3338 necnon
2211 3308 2302 3336 curn

1473 3353 1796 3451 pgssgedentibus
1826 3353 2082 3395 editionibus.
2124 3350 2330 3398 Parisii«,-
