2378 4134
531 255 1134 310 CONFESSIONUM
1169 254 1410 308 LIBER
1446 254 1547 308 IX.
1859 254 1960 304 15⁷

114 394 220 452 tus,
265 394 320 440 et
362 386 548 439 relicta
592 385 784 439 militia
840 386 1102 452 saeculari,
1149 384 1427 438 accinctus
1473 382 1533 435 in
1579 389 1689 435 tua.
1790 380 1964 434 Simul

114 488 320 525 eramus
334 470 371 535 ¹⁸,
420 470 578 523 simul
626 468 951 524 habitaturi*
1008 470 1211 540 placito
1272 474 1475 522 sancto.
1575 467 1963 527 Quaerebamus

113 555 356 627 quisnam
397 556 549 608 locus
589 573 689 608 nos
727 556 915 608 utilius
964 555 1186 607 haberet
1235 552 1523 606 servientes
1571 551 1706 603 tibi:
1765 551 1965 620 pariter

109 640 472 695 remeabamus
507 640 565 691 in
595 639 846 690 Africam.
921 640 998 691 Et
1032 656 1156 691 cum
1188 635 1334 706 apud
1360 635 1514 688 Ostia
1538 634 1798 688 Tiberina
1821 653 1963 688 esse-

109 745 246 791 muS,
291 733 459 779 mater
505 725 758 779 defuncta
805 731 904 777 est.
1001 726 1179 777 Multa
1225 731 1503 793 praetere0‚
1555 722 1685 791 quia
1732 722 1965 773 multum

108 814 314 868 festino.
406 813 610 881 Accipe
659 812 1022 864 confessiones
1071 828 1219 863 meas
1268 816 1322 863 et
1365 809 1652 877 gratiarum
1702 806 1962 872 actiones,

110 902 258 956 Deus
281 918 447 964 meuS,
474 899 540 952 de
565 901 725 952 rebus
749 899 1228 952 innumerabilibus
1254 897 1417 950 etiam
1450 897 1509 948 in
1545 894 1774 947 silentio,
1852 893 1962 947 Sed

106 1005 215 1040 non
248 986 530 1055 praeteribo
571 983 839 1054 quidquid
874 984 1009 1036 mihi
1046 983 1225 1036 anima
1260 982 1490 1051 parturit
1526 981 1593 1032 de
1630 981 1724 1032 illa
1760 981 1962 1033 famula

107 1078 214 1137 tila,
248 1089 367 1141 quae
405 1088 491 1122 me
529 1070 832 1139 parturivit3
897 1077 950 1121 et
987 1086 1162 1132 carne,
1201 1076 1262 1120 ut
1296 1069 1354 1119 in
1392 1068 1533 1119 hanc
1572 1066 1958 1135 temporalem3

106 1164 159 1210 et
180 1156 355 1219 corde,
378 1164 439 1207 ut
461 1157 518 1207 in
546 1163 796 1208 aeternam
829 1156 1005 1207 lucem
1029 1153 1312 1207 nascerer*
1328 1150 1351 1205 ¹.
1429 1154 1557 1204 Non
1584 1151 1717 1221 erS,
1746 1150 1842 1203 sed
1868 1159 1961 1203 tua

105 1241 277 1294 dicam
303 1241 443 1293 dona
466 1242 522 1292 in
550 1259 647 1303 ea;
686 1258 862 1309 neque
896 1240 1039 1292 enim
1074 1239 1306 1308 seipsam
1339 1238 1554 1303 fecerat,
1582 1244 1674 1288 aut
1699 1236 1959 1288 educave-

103 1333 183 1379 rat
219 1326 465 1395 seipsam.
541 1326 627 1377 Tu
663 1325 855 1378 creasti
893 1343 1027 1390 eam,
1059 1343 1159 1376 nec
1203 1333 1355 1393 pater
1397 1342 1498 1375 nec
1542 1331 1712 1375 mater
1752 1323 1960 1375 sciebat

105 1411 277 1480 qualis
320 1429 389 1462 ex
431 1410 509 1462 eis
552 1410 719 1461 fieret.
795 1411 871 1462 Et
912 1409 1142 1461 erudivit
1184 1426 1300 1460 eam
1343 1408 1402 1459 in
1437 1408 1627 1460 timore
1667 1414 1761 1458 tuo
1806 1407 1960 1473 virga

104 1498 299 1551 Christi
325 1498 420 1561 tui,
446 1498 683 1564 regimen
711 1498 858 1549 unici
896 1498 1021 1549 Filii
1054 1497 1132 1548 tui
1157 1497 1215 1547 in
1242 1496 1402 1547 domo
1428 1495 1593 1559 fideli,
1619 1496 1762 1546 bono
1789 1513 1955 1547 mem-

100 1584 194 1635 bro
218 1584 479 1635 Ecclesiae
507 1591 627 1635 tuae.
705 1584 822 1634 Nec
856 1589 1060 1634 tantam
1099 1599 1224 1648 erga
1258 1599 1411 1633 suam
1452 1580 1797 1648 disciplinam
1834 1579 1955 1631 dili-

101 1668 330 1735 gentiam
354 1668 538 1719 matris
562 1666 909 1735 praedicabat,
936 1675 1191 1735 quantam
1216 1664 1427 1717 samulae
1457 1665 1738 1735 cujusdam
1773 1664 1955 1718 decre-

98 1755 241 1824 pitae,
291 1774 411 1824 quae
474 1762 681 1823 patrem
738 1752 853 1822 ejus
906 1753 1164 1804 infantem
1222 1759 1540 1819 portaverat,
1592 1752 1732 1803 sicut
1792 1751 1952 1804 dorso

99 1839 586 1906 grandiuscularum
636 1839 934 1907 puellarum
982 1837 1191 1906 parvuli
1239 1838 1439 1905 portari
1491 1838 1681 1888 solent.
1779 1836 1952 1906 Cujus

96 1924 170 1978 rei
208 1926 391 1991 gratia,
434 1933 488 1976 et
523 1931 741 1993 propter
779 1929 1048 1974 senectam
1088 1940 1150 1973 ac
1188 1939 1362 1973 mores
1400 1922 1650 1990 optimoS,
1694 1923 1750 1974 in
1790 1922 1950 1975 domo

97 2011 384 2064 christiana
419 2012 546 2063 satis
584 2029 616 2062 a
653 2010 883 2062 dominis
915 2010 1292 2060 honorabatur.
1370 2009 1531 2061 Unde
1569 2010 1729 2061 etiam
1766 2028 1950 2061 curam

98 2097 323 2149 filiarum
385 2096 773 2148 dominicarum
825 2094 1201 2147 commissam*
1256 2094 1539 2161 diligenter
1599 2095 1834 2161 gerebat,
1896 2101 1951 2147 et

95 2189 204 2234 erat
226 2182 282 2232 in
309 2182 385 2234 eis
412 2181 736 2244 coercendiS,
764 2198 886 2232 cum
923 2198 1061 2248 opus
1088 2188 1243 2244 esset,
1271 2187 1456 2232 sancta
1482 2179 1761 2231 severitate
1788 2181 1948 2232 vehe-

93 2285 259 2330 menS,
292 2274 453 2335 atque
487 2267 545 2317 in
571 2265 828 2317 docendis
861 2265 1039 2317 sobria
1062 2263 1363 2334 prudentia.
1440 2266 1583 2316 Nam
1624 2283 1731 2329 eaS,
1757 2273 1952 2334 praeter

91 2352 210 2404 illas
244 2353 402 2403 horas
441 2352 638 2420 quibus
677 2351 746 2402 ad
781 2368 1020 2401 mensam
1058 2356 1340 2418 parentum
1376 2350 1801 2403 moderatissime
1840 2354 1946 2404 ale-

91 2436 298 2500 bantur,
325 2435 533 2487 etiamsi
564 2433 971 2485 exardescerent
1006 2433 1111 2498 siti,
1145 2451 1245 2485 nec
1284 2452 1480 2502 aquam
1504 2435 1689 2486 bibere
1717 2436 1947 2501 sinebat,

89 2540 395 2592 praecavens
430 2519 870 2573 consuetudinem
903 2520 1115 2581 malam,
1152 2527 1204 2570 et
1239 2518 1443 2570 addens
1477 2521 1699 2571 verbum
1725 2539 1943 2574 sanum:

90 2609 123 2635 “
151 2607 320 2658 Modo
346 2623 540 2675 aquam
564 2603 767 2666 bibitis,
796 2603 924 2671 quia
946 2603 1003 2652 in
1027 2609 1290 2670 potestate
1323 2603 1508 2654 vinum
1546 2622 1655 2655 non
1693 2605 1939 2659 habetis:

91 2709 213 2743 cum
250 2699 424 2742 autem
455 2688 523 2741 ad
558 2688 776 2739 maritos
811 2686 1081 2749 veneritiS‚
1107 2687 1261 2738 factae
1299 2687 1529 2739 dominae
1558 2690 1944 2756 apothecarum

1867 2771 1891 2794 ἢ*
1913 2778 1942 2799 ’ν

90 2782 143 2827 et
168 2775 516 2837 cellariorum,
543 2791 683 2841 aqua
707 2770 970 2834 sordebit3
1012 2770 1106 2822 sed
1124 2790 1241 2822 mos
1264 2772 1488 2840 potandi
1513 2776 1851 2842 permanebit
1898 2817 1909 2827 .

91 2861 213 2914 Hac
250 2861 453 2913 ratione
490 2857 842 2928 praecipiendi
892 2865 946 2908 et
987 2857 1300 2909 auctoritate
1340 2857 1658 2927 imperandi,
1701 2860 1944 2915 frenabat

143 2996 163 3027 ὴ
194 2998 280 3037 Hoc
312 2997 495 3050 temporis
521 2996 740 3040 intervallo,
766 3003 980 3045 antequam
1095 2989 1106 3019 ³
1134 2993 1275 3034 Matris
1312 2994 1352 3033 in
1390 3007 1430 3034 se
1467 2995 1605 3034 merita
1641 2996 1784 3049 saepius
1829 3005 1940 3051 grato

91 3049 262 3090 Africam
281 3059 484 3096 remearet,
503 3050 655 3103 scripsit
675 3051 778 3099 Aug.
805 3050 923 3088 Libb.
942 3049 981 3089 ii.
1036 3049 1167 3087 animo
1185 3050 1394 3087 confitetur
1415 3051 1444 3087 A
1453 3062 1521 3101 ug.
1541 3054 1566 3072 “
1587 3049 1628 3088 in
1650 3050 1781 3103 primis
1810 3061 1940 3093 nostra

89 3108 116 3127 ‘⁸
137 3104 187 3144 de
220 3106 391 3144 moribus
431 3105 617 3144 Ecclesiae
657 3103 904 3144 Catholicae”
938 3111 978 3142 et

90 3161 118 3179 ‘⁸
141 3158 190 3197 de
215 3157 387 3197 moribus
413 3158 771 3204 Manichaeorum,”
802 3171 880 3209 quo
907 3157 978 3196 ho-

88 3222 173 3249 rum
203 3211 426 3264 reprimeret
443 3212 713 3264 “jactantiam
741 3213 790 3251 de
813 3211 911 3250 falsa
938 3219 980 3250 et

88 3263 221 3303 fallaci
237 3265 475 3304 continentia
493 3266 555 3306 vel
573 3265 822 3309 abstinentia,
840 3279 920 3317 qua
938 3278 979 3305 se

88 3316 139 3355 ad
154 3317 348 3371 imperitos
356 3318 618 3371 decipiendos,
627 3320 724 3360 veris
737 3318 979 3365 Christianis,

87 3370 231 3462 puibus
245 3372 496 3423 comparandi
507 3386 584 3412 non
601 3380 704 3420 sunt,
715 3374 869 3424 insuper
881 3385 980 3425 prae-

102 3425 274 3471 erunt;’'
320 3425 493 3464 Retract.
519 3426 543 3467 i.
575 3440 613 3466 c.
643 3428 683 3467 7.
711 3434 751 3466 et
780 3426 850 3465 lib.
883 3432 908 3450 ‘⁸
931 3427 980 3465 de

87 3478 226 3516 animae
244 3478 591 3531 quantitate,'’quo
608 3493 694 3519 eam
713 3480 980 3532 incorpoream

89 3544 170 3571 esse
195 3533 412 3571 ostenderet
429 3532 506 3581 (ib.
521 3546 558 3573 c.
575 3535 639 3583 8.)
659 3533 748 3573 item
769 3534 938 3587 primum
958 3547 980 3573 e

88 3584 131 3624 8.
158 3585 256 3625 libb.
291 3589 318 3607 “
341 3585 390 3625 de
419 3585 543 3625 libero
578 3586 760 3627 arbitrio''
787 3601 810 3627 e
838 3586 981 3639 quibus

87 3644 239 3678 constat
269 3645 297 3663 “
319 3639 468 3679 malum
499 3652 579 3679 non
609 3646 788 3681 exortum
819 3640 895 3681 nisi
929 3654 979 3682 ex

87 3689 210 3733 libero
229 3692 438 3733 voluntatis
454 3693 656 3734 arbitrio.”
711 3694 776 3735 Ib.
794 3707 833 3736 c.
851 3695 894 3735 9.

1031 3110 1169 3148 mater,
1190 3103 1304 3156 cujus
1321 3103 1445 3142 meriti
1464 3103 1581 3142 credo
1599 3117 1680 3143 esse
1699 3118 1813 3145 omne
1832 3109 1939 3158 quod

1031 3156 1144 3196 vivo’'
1168 3157 1216 3195 de
1235 3159 1351 3196 beata
1370 3157 1446 3195 vita
1466 3158 1498 3207 §.
1519 3158 1558 3195 6.
1578 3163 1604 3180 “
1622 3158 1736 3210 cujus
1757 3160 1939 3211 precibus

1033 3211 1294 3250 indubitanter
1322 3212 1437 3250 credo
1464 3218 1582 3263 atque
1611 3212 1813 3259 confirmo,
1844 3214 1938 3255 mihi

1033 3263 1146 3303 istam
1168 3271 1338 3304 mentem
1372 3265 1506 3303 Deum
1532 3264 1697 3310 dedisse,
1717 3273 1760 3303 ut
1786 3266 1937 3307 inveni.

1035 3319 1146 3357 endae
1180 3318 1332 3357 veritati
1369 3318 1466 3356 nihil
1504 3318 1661 3356 omnino
1692 3332 1936 3378 praeponam,

1036 3371 1135 3410 nihil
1171 3371 1278 3411 aliud
1319 3371 1449 3415 velim.
1485 3371 1581 3409 nibil
1620 3379 1799 3423 cogitem,
1841 3374 1936 3418 nihil

1036 3438 1180 3464 amem.
1238 3426 1324 3464 Nec
1343 3425 1474 3464 desino
1495 3425 1650 3464 credere
1670 3438 1739 3464 nos
1758 3426 1832 3466 hoc
1851 3435 1936 3468 tan-

1035 3486 1118 3518 tum
1138 3479 1300 3523 bonum,
1315 3479 1434 3531 quod,
1454 3485 1491 3517 te
1511 3487 1770 3531 promerente,
1789 3494 1936 3523 concu-

1035 3532 1215 3586 pivimus,
1234 3533 1388 3576 eadem,
1418 3539 1455 3571 te
1485 3539 1656 3584 petente,
1687 3533 1936 3587 adepturos.''

1042 3585 1195 3625 Similia
1222 3585 1344 3625 habet
1369 3584 1419 3625 de
1442 3586 1546 3624 dono
1574 3586 1775 3628 Persever.
1811 3589 1848 3640 ς’.
1869 3591 1936 3631 53.

1037 3644 1064 3664 ‘⁶
1085 3652 1147 3679 me
1163 3639 1342 3679 fidelibus
1363 3645 1405 3679 et
1425 3638 1658 3692 quotidianis
1684 3641 1818 3683 matris
1836 3657 1936 3685 meae

1035 3692 1218 3747 lacrymis
1236 3706 1284 3735 ne
1305 3692 1468 3748 perirem
1489 3694 1606 3736 fuisse
1623 3699 1895 3740 concessum.”

1978 389 2126 432 Matris

1976 444 2124 494 obitus,

1975 510 2140 552 ejusque

1978 566 2004 592 a
2021 555 2168 595 teneris

1977 607 2126 649 educa·

1978 662 2049 703 tio.
