2378 4134
562 245 1164 303 CONFESSIONUM
1203 246 1442 301 LIBER
1478 244 1639 299 VIII.
1916 244 2018 297 148

169 381 527 452 iniquitatum
551 385 862 432 nostrarum
881 381 1258 449 antiquarum.
1333 375 1644 430 Sentiebam
1663 375 1807 428 enim
1831 375 1910 428 eis
1933 392 2020 428 me

171 466 360 519 teneri:
403 464 679 535 jactabam
718 482 881 518 voces
930 464 1278 518 miserabiles.
1372 460 1678 523 Quamdiu?
1745 460 2022 532 quamdiu,

173 550 306 603 Cras
329 556 384 602 et
406 548 555 602 cras?
632 549 809 610 Quare
845 568 956 603 non
990 548 1184 602 modo?
1240 565 1403 619 quare
1440 564 1552 599 non
1587 547 1693 600 hac
1729 547 1864 600 hora
1894 545 2023 598 finis

170 634 514 703 turpitudinis
537 634 703 687 meae?

241 723 327 771 29.
365 718 629 773 Dicebam
653 720 791 784 haec,
818 728 872 772 et
895 721 1093 773 flebam
1128 718 1460 773 amarissima
1489 716 1812 771 contritione
1845 715 2024 768 cordis

169 805 290 858 mei.
351 805 427 857 Et
444 823 570 858 ecce
589 805 751 859 audio
769 824 958 859 vocem
983 805 1051 859 de
1075 806 1255 859 vicina
1279 805 1439 858 domo
1467 822 1590 859 cum
1617 810 1780 858 cantu
1795 802 2026 855 dicentis

110 947 112 949 .
170 896 225 942 et
259 889 442 942 crebro
469 890 777 959 repetentiS‚
808 890 964 960 quasi
992 890 1146 959 pueri
1181 907 1251 942 an
1287 890 1502 959 puellae,
1529 888 1748 942 nescio:
1789 887 1823 915 “
1850 888 2025 950 Tolle,

170 975 323 1041 lege,
373 977 519 1040 tolle,
561 976 731 1043 lege.'’
807 975 1107 1044 Statimque
1161 980 1364 1026 mutato
1420 974 1590 1039 vultu,
1631 972 2025 1026 intentissimus

171 1058 402 1124 cogitare
449 1060 593 1128 coepi
642 1066 947 1111 utrumnam
997 1059 1228 1110 solerent
1275 1059 1428 1127 pueri
1479 1059 1536 1109 in
1587 1058 1772 1128 aliquo
1832 1074 2025 1126 genere

169 1144 387 1196 ludendi
421 1146 677 1197 cantitare
710 1147 816 1197 tale
851 1144 1090 1214 aliquid3
1137 1163 1238 1197 nec
1273 1147 1587 1198 occurrebat
1620 1145 1838 1196 omnino
1874 1143 2024 1197 audi-

168 1229 306 1280 visse
332 1247 415 1281 me
441 1230 669 1297 uspiam.
747 1231 1124 1297 Repressoque
1158 1229 1365 1297 impetu
1396 1230 1770 1298 lacrymarum,
1799 1229 2025 1294 surrexi,

167 1315 301 1366 nihil
326 1315 472 1367 aliud
495 1315 866 1384 interpretanS,
891 1314 1031 1366 nisi*
1049 1315 1306 1366 divinitus
1331 1316 1465 1367 mihi
1481 1316 1661 1387 juberi
1686 1324 1747 1369 ut
1766 1317 2026 1386 aperirem

170 1399 426 1463 codicem,
453 1407 506 1452 et
528 1402 761 1467 legerem
789 1400 934 1469 quod
957 1401 1190 1469 primum
1216 1407 1381 1468 caput
1404 1401 1747 1453 invenissem.
1823 1401 2023 1454 Audie-

170 1504 280 1538 ram
305 1486 446 1537 enim
472 1485 538 1537 de
564 1487 801 1537 Antonio
830 1485 976 1555 quod
1002 1482 1106 1537 ex*
1138 1486 1449 1553 evangelica
1472 1487 1705 1539 lectione
1716 1491 1752 1550 θ,
1780 1487 1868 1539 cui
1893 1487 2026 1538 forte

171 1580 559 1641 supervenerat,
596 1571 900 1625 admonitus
934 1573 1109 1636 fuerit,
1144 1579 1403 1642 tanquam
1439 1573 1543 1625 sibi
1579 1573 1844 1626 diceretur
1879 1571 2029 1642 quod

167 1659 457 1725 legebatur,
499 1658 657 1723 Vade,
681 1658 847 1710 vende
880 1660 1064 1709 omnia
1100 1676 1215 1727 quoe
1253 1659 1432 1722 habe-5,
1458 1666 1511 1710 et
1546 1659 1617 1710 cla
1645 1657 2021 1725 pauperibus;
2042 1678 2230 1723 Mat.19‚

169 1752 221 1797 et
258 1745 471 1796 habebis
510 1747 821 1797 thesaurum
858 1748 918 1798 in
953 1748 1135 1797 eoelis:
1180 1753 1234 1798 et
1267 1747 1404 1809 veni,
1429 1764 1647 1815 sequere
1678 1763 1764 1796 me
1784 1767 1802 1802 ;
1847 1751 1900 1796 et
1933 1733 2111 1796 tali2l·

170 1830 382 1881 oraculo
426 1829 707 1881 confestim
756 1828 826 1880 ad
875 1836 926 1880 te
976 1847 1091 1881 esse
1137 1847 1468 1882 conversum.
1546 1831 1740 1899 Itaque
1784 1829 2029 1881 concitus

169 1913 300 1965 redii
324 1914 381 1964 in
406 1931 527 1965 eum
551 1914 732 1964 locum
767 1913 863 1964 ubi
902 1913 1123 1966 sedebat
1147 1913 1409 1981 Alypius:
1449 1914 1527 1964 ibi
1563 1915 1706 1965 enim
1741 1931 2028 1983 posueram

170 2000 410 2053 codicem
444 2001 709 2068 Apostoli,
738 2018 861 2051 cum
894 1999 1022 2051 inde
1057 2018 1405 2052 surrexeram.
1480 2001 1716 2068 Arripui,
1744 2000 1948 2069 aperui,
1976 2005 2030 2050 et

167 2086 274 2153 legi
315 2086 372 2137 in
417 2085 628 2138 silentio
669 2086 982 2154 capitulum,
1023 2104 1130 2154 quo
1170 2086 1403 2153 primum
1442 2086 1675 2156 conjecti
1717 2094 1843 2138 sunt
1882 2085 2026 2137 oculi

169 2172 273 2223 mei
294 2192 304 2223 :
344 2173 470 2225 Non
494 2173 554 2222 in
580 2170 1047 2222 comessationibus
1072 2176 1126 2221 et
1149 2169 1517 2235 ebrietatibus,
1542 2189 1650 2222 non
1673 2173 1733 2222 in.
1761 2170 2027 2222 eubilibus
2046 2177 2169 2218 Rom.

168 2266 220 2310 et
235 2259 613 2325 impudicitiis,
627 2276 733 2309 «non
759 2259 819 2309 in
847 2260 1184 2309 contentione
1208 2264 1262 2309 et
1287 2259 1656 2309 aemulatione:
1699 2258 1794 2309 sed
1810 2258 2026 2309 induite
2049 2233 2114 2329 i}
2140 2235 2201 2272 13.

170 2345 462 2395 Dominum
482 2343 670 2394 Jesnm
696 2343 991 2408 Christum,
1011 2349 1064 2394 et
1080 2361 1209 2394 earn
1218 2345 1263 2394 is
1270 2343 1674 2409 providentiam
1696 2344 2028 2411 nesea-erilis

167 2430 226 2478 in
262 2423 742 2494 concupiscentiis(
821 2428 938 2479 Nec
973 2429 1111 2479 ultra
1135 2428 1283 2478 volui
1315 2429 1528 2494 legere3
1585 2446 1686 2480 nec
1723 2445 1860 2496 opus
1897 2435 2022 2479 erat.

169 2513 362 2564 Statim
389 2512 590 2580 quippe
626 2529 748 2563 cum
783 2510 890 2563 fine
924 2510 1149 2580 hujusce
1187 2513 1460 2564 sententiae
1499 2514 1655 2582 quasi
1679 2514 1799 2564 luce
1828 2513 2025 2564 securi-

168 2598 293 2647 tatis
341 2597 518 2648 infusa
567 2595 715 2648 cordi
763 2613 902 2660 meO,
945 2613 1131 2648 omnes
1182 2596 1533 2648 dubitationis
1582 2599 1815 2649 tenebrae
1866 2597 2024 2648 diffu-

172 2690 375 2750 gerunt.

243 2773 328 2819 30.
370 2769 510 2819 Tum
548 2766 824 2837 interjecto
865 2774 956 2819 aut
998 2767 1167 2834 digito
1206 2776 1300 2819 aut
1330 2768 1514 2819 nescio
1561 2786 1668 2837 quo
1707 2768 1813 2819 alio
1852 2767 2025 2834 signO,

169 2854 410 2906 codicem
445 2852 629 2916 clausi,
655 2859 708 2903 et
732 2852 1020 2921 tranquillo
1049 2852 1164 2921 jam
1198 2854 1350 2904 vultu
1386 2853 1623 2906 indicavi
1664 2855 1878 2923 Alypio.
1954 2857 2028 2906 At

167 2940 258 2991 ille
297 2939 427 3010 quid
463 2939 521 2990 in
559 2957 615 2991 se
653 2946 910 3005 ageretur,
948 2939 1096 3008 quod
1133 2957 1232 3006 ego
1269 2940 1594 3005 nesciebam,
1634 2941 1710 2993 sic
1748 2941 2023 2994 indicavit.

170 3027 312 3079 Petit
345 3026 522 3077 videre
556 3024 689 3095 quid
720 3025 1000 3091 legissem:
1047 3025 1255 3077 ostendi
1274 3045 1288 3089 ;
1333 3033 1387 3077 et
1419 3026 1647 3078 attendit
1685 3027 1847 3078 etiam
1884 3028 2025 3079 ultra

171 3131 331 3181 quam
373 3130 472 3179 ego
509 3114 760 3180 legeram,
801 3119 854 3164 et
890 3113 1204 3178 ignorabam
1246 3113 1377 3182 quid
1419 3122 1743 3183 sequeretur.
1821 3115 2023 3183 Seque-

170 3197 328 3248 batur
349 3214 471 3247 vcro
492 3217 503 3248 :
545 3197 842 3264 Infirmum
868 3204 1051 3248 antem
1078 3199 1135 3247 in
1146 3198 1274 3264 fide
1298 3198 1576 3263 recipite'.
1654 3199 1814 3258 Quod
1839 3199 1929 3250 ille
1955 3199 2025 3251 ad
2044 3207 2105 3300 {a
2135 3211 2201 3259 14,

229 3388 249 3410 ⁸
281 3382 490 3429 Antonius,
520 3383 677 3435 quando
702 3383 792 3423 huic
819 3382 969 3422 monito
997 3383 1066 3422 ob·
1122 3388 1241 3422 tatem
1257 3381 1394 3422 salutis
1414 3382 1628 3435 corporalis
1646 3382 1791 3422 valent.
1830 3383 1870 3422 Si
1889 3389 2021 3423 autem

172 3436 418 3490 temperavit,
454 3436 648 3476 decimum
685 3445 881 3484 octavum,
920 3437 996 3482 vel,
1026 3443 1067 3475 ut
1123 3436 1174 3474 ad
1199 3437 1416 3487 superfluas
1446 3436 1737 3483 delectationes,
1759 3445 1876 3490 atque
1904 3438 2020 3478 luxu-

175 3491 405 3537 maximum,
448 3489 670 3529 vicesimum
716 3491 858 3544 agebat
904 3503 1064 3529 annum.
1123 3490 1211 3536 rias,
1234 3497 1276 3528 ut
1290 3489 1457 3542 quisque
1473 3490 1513 3528 in
1532 3489 1593 3528 his
1608 3490 1780 3542 gaudeat
1795 3504 1885 3542 quae
1901 3505 2020 3532 carne

176 3545 271 3584 Vid.
291 3544 482 3583 Athanas.
508 3542 586 3583 Vit.
606 3543 646 3584 S.
670 3544 843 3591 Antonii,
866 3546 899 3596 ᾗ.
917 3546 958 3588 2.
979 3546 1016 3583 3.
1120 3545 1242 3596 cupit,
1275 3550 1380 3583 recte
1418 3544 1724 3597 reprehenditur,
1761 3544 1855 3597 quia
1889 3545 2020 3599 provi-

229 3593 248 3624 f
276 3598 395 3645 Quod
429 3610 518 3635 cum
549 3596 604 3635 ait
637 3597 868 3651 ApostoluS,
899 3595 1066 3638 ostendit
1120 3596 1293 3635 dentiam
1324 3596 1452 3636 carnis
1479 3597 1519 3636 in
1555 3598 1883 3651 concupiscentiis
1911 3599 2020 3640 facit.

175 3665 253 3691 non
271 3664 354 3692 esse
371 3651 606 3704 culpandam
626 3652 752 3690 carnis
765 3651 1063 3705 providentiam,
1120 3651 1227 3703 Aug.
1247 3650 1287 3689 in
1314 3663 1403 3705 exp.
1423 3651 1633 3704 quarumd.
1652 3665 1766 3707 prop.
1792 3666 1841 3694 ex
1872 3654 1946 3709 Ep.
1967 3654 2019 3694 ad

175 3706 336 3758 quando
364 3718 412 3746 ea
438 3704 688 3758 providentur
712 3718 802 3757 quae
821 3705 873 3746 ad
900 3704 1064 3747 necessi·
1123 3705 1237 3744 Rom.
1255 3717 1294 3744 c.
1312 3705 1379 3745 77.
