2378 4134
358 228 428 276 52
833 222 888 276 S.
930 221 1375 276 AUGUSTINI
1416 221 1777 276 EPISCOPI

194 364 299 428 VII,
436 360 518 408 12.
560 356 609 408 O
637 355 965 410 dementiam
990 356 1327 410 nescientem
1360 354 1587 424 diligere
1619 355 1874 408 homines
1911 351 2252 407 humaniter!

150 420 321 515 {ffiffu'
356 461 388 496 o
418 444 645 496 stultum
669 443 949 497 hominem
974 442 1328 496 immoderate
1353 442 1595 495 humana
1629 441 1948 512 patientem,
1976 440 2127 512 quod
2153 459 2259 509 ego

150 529 299 571 d0¹⁰¹i³
354 538 486 586 tunc
525 530 707 586 eram!
750 533 949 604 Itaque
986 534 1302 599 aestuabam,
1331 531 1691 602 suspirabam,
1718 531 1936 595 flebam,
1962 530 2222 583 turbabar
2239 548 2256 595 ;

149 593 298 683 {32¹3ss
354 639 458 673 nec
484 620 702 691 requies
730 626 860 684 erat,
885 638 987 672 nec
1017 620 1323 672 consilium.
1390 619 1684 671 Portabam
1711 617 1856 670 enim
1884 614 2256 670 conscissam*

355 714 411 761 et
436 713 717 760 cruentam
743 707 981 759 animam
1007 725 1203 771 meam,
1230 705 1608 777 impatientem
1634 723 1667 758 a
1690 723 1777 757 me
1802 704 2007 774 portari
2029 724 2043 769 ;
2083 710 2138 757 et
2161 703 2258 756 ubi

356 813 477 847 eam
515 812 776 864 ponerem
814 812 925 845 non
964 793 1325 845 inveniebam.
1404 793 1536 845 Non
1572 791 1633 843 in
1671 791 1900 845 amoenis
1925 790 2260 855 nemoribus,

356 899 469 933 non
494 882 554 933 111
578 880 725 933 ludis
753 887 917 950 atque
946 879 1219 943 cantibus,‚
1245 896 1349 931 nec
1376 877 1435 929 in
1468 896 1633 931 suave
1669 878 1944 931 olentibus
1973 877 2129 942 locis,
2154 895 2258 930 nec

357 969 415 1020 in
443 967 711 1021 conviviis
739 966 1032 1037 apparatis,
1059 984 1240 1037 neque
1266 966 1326 1017 in
1353 966 1632 1035 voluptate
1671 965 1869 1018 cubilis
1895 971 1950 1018 et
1971 965 2120 1030 lecti,
2146 982 2261 1016 non

358 1055 597 1126 denique
623 1054 682 1106 in
706 1053 861 1106 libris
901 1060 1066 1124 atque
1097 1052 1430 1106 carminibus
1465 1053 1867 1123 acquiescebat.
1946 1051 2263 1104 Horrebant

359 1142 560 1206 omnia,
605 1147 660 1193 et
700 1140 824 1210 ipsa
862 1141 998 1204 lux3
1057 1146 1112 1192 et
1157 1138 1431 1210 quidquid
1479 1157 1592 1191 non
1643 1144 1758 1192 erat
1803 1138 1951 1210 quod
1990 1139 2082 1191 ille
2128 1144 2261 1204 erat,

355 1229 669 1298 improbum
722 1234 777 1280 et
827 1227 1079 1279 odiosum
1131 1235 1263 1292 erat,
1313 1233 1509 1296 praeter
1560 1226 1822 1294 gemitum
1874 1233 1928 1279 et
1973 1227 2258 1295 lacrymas

356 1317 504 1369 Nam
529 1316 588 1366 in
616 1315 695 1368 eis
725 1315 855 1367 solis
883 1315 1225 1386 aliquantula
1249 1314 1484 1384 requies
1552 1313 1667 1367 Ubi
1694 1320 1876 1367 autem
1899 1313 2028 1366 inde
2055 1313 2261 1367 aufere-

355 1407 516 1459 batur
548 1405 731 1457 anima
756 1423 895 1468 mea,
925 1405 1187 1457 onerabat
1222 1421 1309 1455 me
1345 1403 1565 1471 grandis
1602 1403 1815 1457 sarcina
1846 1403 2094 1456 miseriae.
2172 1402 2260 1455 Ad

354 1502 408 1547 te
421 1494 466 1561 *,
495 1494 755 1558 Domine,
781 1493 1015 1546 levanda
1041 1499 1155 1546 erat
1179 1499 1233 1546 et
1260 1493 1518 1560 curanda,
1548 1494 1789 1546 sciebam
1805 1514 1819 1558 3
1862 1493 1960 1546 sed
1983 1511 2085 1546 nec
2113 1492 2261 1544 vole-

355 1583 501 1646 bam,
527 1599 630 1634 nec
670 1582 939 1645 valebam,
967 1599 1033 1633 eo
1069 1580 1245 1648 magis
1283 1580 1413 1651 quia
1448 1599 1561 1633 non
1586 1581 1723 1634 mihi
1750 1599 1868 1634 eras
1895 1580 2106 1651 aliquid
2133 1580 2260 1632 soli-

357 1667 489 1720 dum
516 1674 571 1720 et
596 1667 831 1732 firmum,
860 1685 985 1720 cum
1013 1667 1080 1719 de
1108 1674 1160 1719 te
1189 1667 1516 1735 cogitabam.
1583 1669 1714 1719 Non
1741 1667 1887 1719 enim
1913 1651 1976 1719 tu
2001 1685 2136 1731 eraS,
2164 1666 2262 1719 sed

355 1774 558 1808 vanum
576 1755 905 1824 phantasma
915 1761 950 1819 ⁰,
972 1761 1027 1807 et
1051 1773 1196 1807 error
1219 1773 1374 1807 meus
1401 1761 1514 1808 erat
1530 1755 1685 1807 Deus
1710 1773 1880 1807 meuS.
1937 1754 1996 1808 Si
2024 1756 2265 1808 conabar

356 1861 478 1895 eam
503 1842 582 1895 ibi
615 1860 820 1911 ponere
846 1847 909 1894 ut
932 1841 1316 1912 requiesceret,
1342 1859 1443 1911 per
1466 1841 1629 1894 inane
1654 1843 1957 1908 labebatur,
1985 1850 2039 1894 et
2062 1842 2261 1894 iterum

355 1931 549 1982 ruebat
581 1947 744 1999 super
779 1948 902 1994 me3
944 1935 998 1982 et
1024 1947 1127 1996 ego
1166 1928 1303 1981 mihi
1337 1947 1702 1982 remanseram
1736 1928 1932 1981 infelix
1965 1930 2138 1994 locUS,
2164 1929 2260 1981 ubi

355 2035 457 2070 nec
498 2035 619 2069 esse
665 2035 904 2086 possem,
943 2034 1046 2069 nec
1084 2015 1213 2069 inde
1251 2016 1519 2070 recedere.
1599 2017 1724 2077 Quo
1763 2016 1910 2068 enim
1950 2035 2043 2070 cor
2078 2035 2262 2070 meum

354 2104 567 2171 fugeret
605 2123 637 2156 a
674 2103 837 2156 corde
871 2102 1034 2156 meo?
1079 2121 1188 2173 quo
1229 2123 1261 2156 a
1295 2122 1382 2156 me
1418 2104 1542 2173 ipso
1573 2102 1853 2170 fugerem?
1898 2122 2007 2174 quo
2034 2122 2120 2156 me
2147 2122 2261 2156 non

357 2190 651 2262 sequerer?
719 2192 796 2243 Et
823 2198 1004 2242 tamen
1039 2190 1157 2257 fugi
1184 2190 1251 2242 de
1286 2190 1478 2259 patria.
1558 2175 1750 2242 Minus
1786 2190 1931 2242 enim
1958 2209 2084 2242 eum
2112 2210 2262 2261 quae-

354 2280 549 2331 rebant
583 2279 730 2331 oculi
767 2278 895 2344 mei,
920 2278 1017 2329 ubi
1054 2277 1236 2330 videre
1272 2295 1386 2330 non
1423 2278 1704 2342 solebant3
1746 2284 1910 2348 atque
1947 2296 1979 2331 a
2014 2278 2264 2346 Thagas-

357 2365 500 2418 tensi
527 2365 734 2435 oppido
762 2365 888 2418 veni
916 2365 1320 2433 Carthaginem.

180 2467 312 2508 VIII.
437 2457 518 2505 13.
563 2455 694 2505 Non
720 2459 920 2507 vacant
944 2459 1208 2524 tempora,
1235 2472 1336 2506 nec
1365 2453 1538 2506 otiose
1565 2454 1855 2505 volvuntur
1871 2473 1885 2517 3
1934 2471 2033 2523 per
2069 2471 2263 2506 sensus

149 2523 329 2585 Tempps
355 2547 569 2592 nostros
619 2540 830 2594 faciunt
877 2542 937 2593 in
988 2541 1170 2594 animo
1222 2540 1361 2593 mira
1412 2559 1593 2610 opera.
1671 2541 1823 2593 Ecce
1873 2540 2168 2593 veniebant
2205 2547 2261 2593 et

152 2586 193 2618 et
213 2593 311 2618 arm-

150 2647 289 2674 corum
354 2628 708 2697 praeteribant
746 2628 814 2681 de
855 2628 943 2681 die
969 2629 1029 2680 in
1065 2628 1230 2694 diem,
1259 2635 1313 2681 et
1338 2627 1607 2680 veniendo
1635 2632 1689 2679 et
1714 2627 2091 2697 praetereundo
2118 2627 2264 2680 inse-

153 2689 257 2797 ἓξὲξ
263 2713 549 2784 'd0‚1·ebant
599 2715 736 2767 mihi
790 2716 1004 2785 species
1057 2715 1191 2768 alias
1244 2721 1298 2767 et
1349 2714 1483 2767 alias
1534 2715 1839 2781 memoriaS,
1894 2721 1948 2767 et
1995 2715 2262 2785 paulatim

155 2801 228 2840 lori
249 2815 332 2840 me·
357 2801 726 2854 resarciebant
750 2820 837 2854 me
876 2802 1122 2871 pristinis
1150 2800 1440 2870 generibus
1475 2801 1917 2866 delectationum,
1946 2802 2147 2872 quibus
2174 2821 2261 2855 ce-

155 2856 311 2897 dentur.
361 2886 527 2939 debat
566 2886 721 2939 dolor
758 2906 913 2940 meus
951 2888 1080 2952 1116,
1132 2887 1229 2940 sed
1256 2887 1624 2940 succedebant
1652 2905 1764 2938 non
1800 2887 2022 2957 quidem
2049 2888 2262 2941 dolores

362 2974 472 3039 alii,
501 2992 680 3026 causae
710 2981 891 3026 tamen
918 2975 1147 3027 aliorum
1175 2974 1422 3026 dolorum
1434 2980 1469 3025 Ρ.
1545 2975 1691 3026 Nam
1717 2974 1862 3027 unde
1890 2993 1976 3027 me
2003 2974 2263 3028 facillime

156 3082 250 3122 fors.
363 3067 416 3113 et
441 3060 501 3112 in
526 3061 720 3112 intima
746 3061 901 3113 dolor
926 3061 1018 3113 ille
1055 3066 1448 3131 penetraverat,
1475 3059 1583 3112 nisi
1612 3060 1743 3130 quia
1749 3061 2024 3130 fuderam
2051 3064 2112 3114 in
2138 3081 2261 3115 are·

157 3137 241 3233 {gb
267 3137 333 3182 16,
362 3165 494 3199 nam
530 3149 779 3199 animam
816 3165 1016 3212 meam,
1045 3146 1325 3216 diligendo
1361 3146 1681 3198 moriturum
1717 3166 1780 3200 ac
1820 3148 1865 3199 si
1900 3167 2014 3200 non
2038 3149 2259 3200 moritu-

218 3223 227 3233 ·
363 3252 482 3286 rum
505 3233 523 3286 ?
591 3234 840 3286 Maxime
879 3234 1087 3304 quippe
1113 3252 1199 3286 me
1226 3234 1552 3303 reparabant
1586 3240 1750 3304 atque
1783 3236 2103 3287 recreabant
2128 3235 2260 3287 alio-

364 3342 483 3375 rum
528 3321 827 3375 amicorum
878 3321 1090 3386 solatia,
1136 3340 1261 3374 cum
1313 3320 1515 3391 quibus
1567 3321 1815 3373 amabam
1869 3321 2018 3391 quod
2067 3339 2166 3391 pro
2207 3326 2261 3374 te

367 3411 647 3462 amabam:
694 3415 749 3461 et
785 3409 893 3461 hoc
933 3414 1048 3461 erat
1083 3407 1280 3475 ingens
1318 3406 1504 3460 fabula
1541 3413 1595 3459 et
1630 3408 1858 3475 longum
1896 3407 2261 3472 mendacium,

368 3495 526 3566 cujus
577 3495 883 3548 adulterina
935 3494 1325 3548 confricatione
1379 3494 1826 3562 corrumpebatur
1875 3512 2029 3546 mens
2077 3500 2263 3546 nostra

366 3582 616 3652 pruriens
655 3582 715 3633 in
757 3581 996 3635 auribus.
1075 3579 1186 3634 Sed
1226 3580 1324 3632 illa
1362 3579 1498 3631 mihi
1538 3579 1726 3632 fabula
1764 3598 1876 3632 non
1914 3580 2260 3644 moriebatur,

370 3669 416 3721 si
453 3670 577 3738 quis
613 3669 912 3722 amicorum
945 3685 1191 3721 meorum
1224 3672 1533 3719 moreretur.
1610 3665 1738 3719 Alia
1770 3674 1924 3720 erant
1947 3685 2071 3737 quae
2096 3665 2154 3717 in
2182 3665 2264 3718 eis

425 3790 448 3813 ⁰
477 3787 575 3827 vid.
594 3801 686 3841 sup.
707 3789 744 3841 ᾗ.
763 3790 803 3830 9.
1059 3792 1081 3825 Ρ
1109 3788 1206 3841 Sup.
1230 3787 1279 3828 L.
1297 3785 1323 3827 i.
1345 3799 1382 3827 c.
1406 3787 1444 3828 1.
1462 3784 1536 3826 inf.
1554 3798 1592 3827 c.
1622 3786 1671 3827 10
1691 3791 1732 3827 et
1756 3785 1819 3827 12.
1839 3785 1874 3837 ᾗ.
1898 3786 1963 3826 18.
1999 3789 2041 3826 et
2058 3783 2113 3825 vi.
2137 3784 2205 3825 16.
