2378 4134
215 331 279 371 ll.

208 1733 320 1782 Quid
341 1735 382 1775 in

208 1789 331 1830 sacris

208 1845 339 1885 Lib=is

204 1900 368 1941 invene-

205 1956 269 2001 rit,
292 1970 372 1997 non

204 2012 344 2052 inven-

204 2075 288 2106 tum
311 2068 351 2107 in

204 2123 386 2163 Platoni-

203 2179 271 2218 cis.

206 2235 318 2278 Ps.2,
330 2236 389 2275 11.

207 2291 224 2328 l
244 2291 338 2331 Cor.
354 2292 394 2340 4,

202 2346 245 2386 7.

203 2727 324 2766 Rom.
351 2727 391 2774 7,

201 2784 269 2822 22.
291 2783 358 2823 23.

422 142 526 192 122
832 171 837 175 -
894 138 953 193 S.
993 138 1442 195 AUGUSTINI
1481 139 1842 195 EPISCOPI

217 275 235 314 1
253 275 347 316 Cor
360 275 403 323 3
420 271 537 326 Ubi
555 270 703 324 enim
722 277 838 325 erat
861 271 958 326 illa
975 273 1260 342 aedificans
1280 275 1518 329 charitas
1539 293 1572 329 a
1573 274 1956 346 fundamento
1973 270 2314 342 humilitatis,

418 359 566 430 quod
590 366 671 413 est
701 360 958 413 Christus
982 358 1188 413 Jesus?
1267 361 1381 414 Aut
1416 360 1639 433 quando
1676 360 1760 412 illi
1788 359 1915 412 libri
1949 357 2208 414 docerent
2229 380 2315 416 me

419 445 576 500 eam?
655 448 723 500 In
775 465 914 519 quos
963 466 1051 501 me
1101 456 1409 519 propterea,
1459 449 1783 521 priusquam
1834 447 2144 518 Scripturas
2194 453 2316 504 tuas

418 534 836 600 considerarem,
872 533 1036 588 credo
1079 536 1304 589 voluisti
1348 537 1641 603 incurrere,
1676 542 1739 589 ut
1772 535 2172 605 imprimeretur
2205 554 2315 591 me-

415 622 603 675 moriae
636 640 772 675 meae
813 621 1091 693 quomodo
1131 641 1203 676 ex
1243 623 1323 676 eis
1364 625 1594 677 affectus
1628 641 1835 677 essem:
1877 630 1932 676 et
1965 641 2091 676 cum
2123 628 2316 693 postea

415 708 475 762 in
511 709 696 763 Libris
732 708 841 761 tuis
874 709 1284 762 mansuefactus
1319 728 1516 773 essem,
1547 716 1603 763 et
1636 710 1956 764 curantibus
1990 706 2177 778 digitis
2208 710 2317 764 tuis

415 801 880 851 contrectarentur
902 797 1128 849 vulnera
1151 815 1304 861 mea3
1346 796 1710 850 discernerem
1736 803 1900 868 atque
1928 796 2318 864 distinguerem

416 882 554 954 quid
588 882 875 934 interesset
910 882 1053 935 inter
1084 884 1570 953 praesumptionem
1605 890 1660 937 et
1696 884 2132 948 confessionem;
2177 883 2317 937 inter

412 968 661 1022 videntes
689 987 800 1039 quo
827 969 1068 1022 eundum
1095 969 1166 1022 sit
1190 989 1292 1024 nec
1317 969 1568 1023 videntes
1595 989 1720 1041 qua,
1748 977 1804 1023 et
1826 970 2001 1024 viame
2028 969 2316 1023 ducentem

412 1056 484 1110 ad
507 1055 823 1109 beatificam
847 1057 1099 1127 patriam,
1114 1075 1227 1110 non
1254 1064 1467 1111 tantum
1494 1057 1842 1123 cernendam,
1864 1057 1960 1110 sed
1988 1064 2042 1110 et
2064 1056 2315 1110 habitan-

412 1143 554 1197 dam.
621 1146 769 1197 Nam
797 1145 843 1198 si
868 1145 1046 1215 primo
1075 1147 1278 1199 sanctis
1305 1148 1414 1200 tuis
1441 1146 1665 1200 Litteris
1691 1146 2012 1199 informatus
2040 1164 2237 1211 essem,
2263 1150 2316 1199 et

411 1233 471 1285 in
515 1252 702 1286 earum
744 1234 1112 1288 familiaritate
1156 1235 1538 1289 obdulcuisses
1582 1236 1739 1302 mihi,
1785 1242 1841 1289 et
1883 1243 2078 1306 postea
2122 1235 2178 1286 in
2223 1234 2318 1288 illa.

410 1323 694 1376 volumina
725 1322 1079 1389 incidissem3
1121 1324 1348 1378 fortasse
1389 1332 1483 1378 aut
1518 1324 1892 1395 abripuissent
1923 1342 2011 1376 me
2049 1342 2082 1376 a
2116 1321 2314 1376 solida-

411 1416 598 1464 mento
636 1410 877 1481 pietatiS‚
912 1417 1007 1464 aut
1048 1412 1095 1464 si
1136 1411 1195 1463 in
1237 1414 1440 1465 affectu
1479 1432 1643 1483 quem
1687 1413 1956 1465 salubrem
1994 1410 2316 1463 imbiberam

411 1498 790 1569 perstitissem,
815 1504 1066 1568 putarem
1102 1499 1268 1552 etiam
1295 1518 1368 1552 ex
1393 1499 1503 1552 illis
1536 1499 1693 1552 libris
1722 1517 1846 1551 eum
1881 1516 2046 1568 posse
2074 1496 2315 1567 concipi,

415 1585 463 1637 si
488 1603 582 1637 eos
609 1586 756 1637 solos
784 1585 1077 1655 quisquam
1105 1585 1406 1638 didicisset.

488 1677 575 1724 27.
616 1673 813 1742 Itaque
850 1671 1166 1725 avidissime
1205 1673 1410 1744 arripui
1443 1673 1811 1726 venerabilem
1849 1672 2035 1725 stilum
2075 1669 2315 1740 Spiritus

411 1759 510 1824 tui,
556 1765 610 1812 et
653 1777 766 1829 prae
820 1760 1032 1812 caeteris
1083 1761 1398 1829 apostolum
1449 1761 1715 1823 Paulum3
1781 1765 1835 1811 et
1877 1759 2157 1828 perierunt
2205 1757 2314 1810 illae

411 1847 745 1917 quaestiones
771 1845 830 1897 in
859 1845 1059 1916 quibus
1086 1846 1223 1898 mihi
1252 1846 1551 1917 aliquando
1578 1846 1729 1898 visus
1766 1851 1848 1898 est
1883 1844 2156 1898 adversari
2192 1845 2315 1911 sibi,

410 1945 464 1987 et
506 1953 619 1987 non
665 1951 964 2002 congruere
1006 1933 1337 1986 testimoniis
1381 1934 1549 2001 Legis
1596 1940 1651 1986 et
1688 1933 2091 2003 Prophetarum
2130 1938 2315 1985 textus

411 2021 677 2074 sermonis
731 2020 866 2091 ejus,
970 2022 1048 2073 Et
1097 2022 1354 2091 apparuit
1403 2022 1541 2073 mihi
1591 2040 1701 2074 una
1751 2020 1920 2073 facies
1972 2020 2315 2089 eloquiorum

411 2115 700 2173 castorum,
748 2114 803 2160 et
846 2111 1130 2161 exsultare
1174 2127 1299 2161 cum
1344 2116 1576 2161 tremore
1622 2106 1809 2160 didici.
1901 2108 1980 2159 Et
2023 2106 2223 2176 coepi*‚
2263 2112 2317 2159 et

409 2196 596 2249 inveni
625 2194 899 2266 quidquid
924 2195 1051 2249 illac
1072 2214 1259 2248 Verum
1285 2197 1543 2264 legeram,
1559 2195 1663 2247 hac
1686 2212 1808 2247 cum
1841 2192 2315 2247 commendatione

412 2284 601 2352 gratiae
641 2281 775 2336 tuaef
810 2281 953 2346 dici3
993 2291 1055 2336 ut
1094 2283 1189 2354 qui
1233 2283 1401 2347 videt,
1439 2301 1547 2335 non
1586 2284 1664 2334 sic
1699 2283 1970 2349 ¹qlorz'etur
2009 2282 2170 2351 quasi
2207 2299 2316 2333 non

409 2372 705 2438 acceperit,
749 2388 862 2422 non
908 2371 1084 2422 solum
1128 2370 1186 2422 id
1234 2368 1385 2441 quod
1425 2368 1593 2434 videt,
1638 2367 1735 2421 sed
1786 2367 1952 2420 etiam
1995 2374 2058 2419 ut
2100 2367 2311 2420 videat:

409 2456 567 2528 (quid
591 2459 740 2510 enim
775 2456 939 2510 habet
973 2458 1119 2527 quod
1150 2475 1260 2509 non
1294 2458 1510 2524 accepit
1525 2454 1573 2524 ἲ)
1617 2462 1672 2508 et
1697 2461 1759 2507 ut
1785 2462 1855 2519 te,
1884 2453 1980 2525 qui
2017 2472 2075 2506 es
2102 2471 2317 2525 semper

405 2545 571 2611 idem,
598 2564 712 2598 non
747 2546 925 2598 solum
961 2544 1319 2598 admoneatur
1350 2550 1412 2596 ut
1436 2543 1637 2609 videat,
1666 2542 1764 2596 sed
1801 2543 1966 2596 etiam
2002 2550 2223 2596 sanetur
2254 2549 2316 2596 ut

407 2639 618 2686 teneat:
674 2638 728 2685 et
766 2634 863 2702 qui
902 2632 970 2684 de
1010 2634 1305 2702 lonqinquo
1347 2631 1529 2684 videre
1567 2650 1677 2683 non
1706 2637 1912 2699 potest,
1949 2630 2094 2683 viam
2132 2637 2314 2683 tamen

408 2720 652 2771 ambulet
691 2737 801 2788 qua
834 2719 1038 2783 veniat,
1067 2725 1120 2771 et
1152 2718 1353 2785 videat,
1380 2725 1434 2770 et
1470 2724 1685 2782 teneat;
1727 2717 1859 2787 quia
1897 2716 2000 2769 etsi
2038 2716 2313 2768 condelec-

407 2811 558 2857 tetur
602 2807 758 2857 homo
803 2806 910 2872 leqz'
955 2806 1068 2856 Dea·
1109 2805 1411 2857 secundum
1466 2805 1785 2856 interiorem
1838 2806 2132 2868 hominem,
2177 2802 2313 2873 quid

403 2892 571 2945 faciet
609 2891 677 2943 de
716 2892 835 2942 alia
875 2892 989 2958 leffe
1027 2894 1089 2942 in
1127 2890 1386 2943 membris
1423 2892 1557 2955 suiS,
1582 2897 1928 2957 repuqnante
1967 2891 2075 2958 leyi
2111 2892 2314 2943 mentis

405 2998 534 3045 suae,
576 2986 631 3032 et
682 2997 737 3031 se
789 2980 1074 3047 captivum
1127 2979 1363 3031 ducente
1412 2980 1473 3030 in
1519 2980 1633 3046 leffe
1673 2980 1915 3045 peccati,
1962 2997 2080 3049 quae
2126 2986 2206 3032 est
2249 2981 2310 3032 in

465 3200 485 3221 e
519 3196 599 3235 Per
619 3193 695 3234 1100
722 3192 830 3234 0111111
853 3192 1058 3234 Mediator
1078 3205 1148 3247 per
1168 3191 1277 3254 quod
1296 3198 1335 3231 et
1391 3192 1504 3232 obest
1525 3190 1680 3238 humili,
1692 3192 1742 3232 de
1762 3198 1871 3232 tanto
1890 3190 2104 3232 intervallo
2121 3204 2201 3231 non
2220 3203 2310 3231 eam

413 3250 548 3299 homo,
571 3263 641 3304 per
659 3249 739 3290 hoc
758 3256 798 3289 et
817 3249 895 3289 via.
955 3249 1159 3297 Quoniam
1180 3247 1212 3288 si
1232 3247 1333 3287 inter
1391 3247 1542 3295 videre,
1563 3247 1605 3287 in
1625 3248 1694 3287 1110
1715 3247 1823 3301 ligno
1844 3248 1894 3288 ad
1913 3260 2002 3288 eam
2021 3245 2211 3294 venienti,
2229 3259 2309 3300 quo

407 3319 501 3346 eum
528 3306 597 3359 qui
627 3305 771 3352 tendit,
793 3311 832 3345 et
859 3303 962 3343 illud
994 3318 1074 3358 quo
1103 3303 1246 3351 tendit,
1269 3303 1334 3343 via
1392 3302 1632 3366 dedignatur
1660 3303 1729 3343 ille
1758 3303 1933 3358 portari!
1992 3303 2104 3356 Aug.
2124 3303 2174 3342 de
2193 3302 2258 3341 Γ
2231 3314 2303 3341 rm

409 3360 542 3402 media
560 3367 633 3407 est,
655 3374 744 3415 spes
762 3367 820 3401 est
838 3358 1125 3415 perveniendi;
1148 3359 1180 3398 si
1200 3366 1333 3402 autem
1391 3357 1443 3398 iv.
1469 3361 1531 3399 15.

409 3416 526 3465 desit,
548 3423 619 3456 aut
638 3415 843 3470 ignoretur
857 3428 939 3468 qua
956 3415 1134 3455 eundum
1155 3413 1216 3462 sit,
1233 3415 1332 3468 quid
1443 3409 1462 3440 f
1489 3413 1695 3454 Altissimo
1715 3414 1866 3469 quippe
1888 3427 1935 3454 ac
1962 3411 2224 3455 saluberrimo
2242 3424 2307 3452 sa·

409 3472 568 3526 prodest
599 3485 711 3512 nosse
720 3485 808 3534 quo
828 3471 1005 3511 eundum
1030 3470 1104 3511 sit'!
1154 3447 1261 3522 Atig.
1281 3469 1331 3510 de
1388 3477 1607 3514 eramento,
1627 3469 1815 3509 universa
1843 3469 1983 3517 facies,
2014 3477 2148 3522 atque,
2179 3473 2223 3507 ut
2252 3466 2308 3506 ita.

411 3527 504 3568 Civ.
524 3527 620 3575 Dei,
641 3526 669 3565 l.
690 3526 744 3566 xi.
766 3540 805 3567 c.
822 3528 866 3566 2.
914 3526 1025 3575 Quid
1045 3525 1152 3566 enim
1173 3526 1332 3580 prodest
1387 3525 1568 3572 dixerim,
1587 3525 1725 3565 vultus
1741 3531 1970 3565 sanctarum
1994 3524 2306 3588 Scripturarum,

409 3559 667 3636 superbietiti.
680 3589 720 3622 et
737 3583 788 3622 ob
810 3580 884 3621 hoc
903 3581 1155 3622 erubescenti
1175 3581 1332 3634 lignum
1388 3581 1490 3621 bene
1508 3579 1705 3621 intuentes
1724 3580 1765 3620 id
1789 3581 2001 3622 admonere
2027 3578 2242 3626 invenitur,
2263 3582 2307 3617 ut

412 3636 584 3698 [crucis]
606 3638 890 3684 conscendere,
909 3638 960 3677 de
988 3637 1207 3690 longinquo
1237 3649 1327 3699 pro·
1384 3635 1453 3689 qui
1473 3635 1691 3689 gloriatur
1682 3650 1724 3675 m
1746 3636 1924 3678 Domino
1944 3635 2146 3690 glorietur.
2193 3633 2304 3686 Aug.

408 3690 562 3747 spicere
583 3693 750 3748 patriam
767 3691 1102 3734 transmarinam?
1132 3692 1217 3733 Aut
1230 3690 1328 3746 quid
1386 3690 1593 3733 Euchirid.
1618 3705 1653 3733 0.
1679 3692 1747 3733 98.
