2378 4134
237 1211 360 1252 XIV.

208 1266 275 1306 De
295 1267 378 1306 vita

206 1335 387 1363 commu-

207 1378 248 1417 ni
272 1393 393 1430 agen-

204 1434 258 1475 da
279 1435 374 1475 dum

205 1490 345 1532 amicis

205 1545 358 1588 delibe-

205 1609 281 1642 rat.

2320 0 2378 208 l

431 198 535 249 100
908 198 964 252 S.
991 197 1435 253 AUGUSTINI
1474 198 1831 253 EPISCOPI

425 335 489 381 ut
510 329 563 382 ei
585 346 683 400 per
706 329 885 384 visum
911 331 1224 386 ostenderes
1250 331 1463 404 aliquid
1488 331 1556 386 de
1579 332 1763 386 futuro
1788 330 2137 384 matrimonio
2160 349 2317 400 meo;

2361 207 2378 269 5

425 433 710 488 nunquam
742 418 980 472 voluisti.
1057 420 1135 472 Et
1158 419 1383 473 videbat
1408 417 1663 490 quaedam
1686 437 1829 472 vana
1865 424 1920 472 et
1953 418 2318 488 phantastica,
2376 478 2378 485 ,

426 522 537 574 quo
575 506 811 572 cogebat
843 507 1085 577 impetus
1123 506 1192 559 de
1225 507 1333 560 hac
1369 524 1426 559 re
1466 505 1766 575 satagentis
1794 505 2023 558 humani
2059 505 2316 575 spiritus3
2363 561 2378 587 -.

423 598 478 644 et
501 593 756 645 narrabat
778 593 933 658 mihi,
950 612 1061 646 non
1089 611 1215 646 cum
1241 591 1448 646 fiducia
1472 611 1584 663 qua
1609 593 1837 657 solebat,
1854 610 1981 644 cum
2007 598 2068 644 tu
2093 591 2314 645 demon-
2372 615 2378 635 .-

422 679 633 731 strabas
666 678 735 743 ei,
771 679 868 732 sed
902 685 1259 732 contemnens
1299 697 1378 732 ea.
1455 678 1697 732 Dicebat
1735 679 1882 732 enim
1922 678 2228 732 discernere
2257 696 2314 732 se

420 764 609 818 nescio
648 783 758 835 quo
797 783 1010 834 sapore,
1038 783 1202 835 quem
1240 765 1423 817 verbis
1459 764 1740 835 explicare
1775 783 1887 818 non
1923 771 2155 835 poterat,
2181 764 2315 835 quid

418 851 707 904 interesset
739 851 881 904 inter
914 852 1245 905 revelantem
1282 858 1354 916 te,
1381 858 1436 903 et
1471 851 1711 905 animam
1748 869 1903 906 suam
1939 851 2313 905 somniantem.

420 939 737 991 Instabatur
759 946 959 1004 tamen,
987 945 1042 991 et
1066 938 1253 1008 puella
1285 938 1593 1007 petebatur,
1619 938 1776 1011 cujus
1804 946 1936 992 aetas
1961 939 2126 991 ferme
2160 938 2314 992 bien-

417 1025 511 1076 nio
537 1023 720 1077 minus
747 1042 914 1094 quam
948 1023 1155 1077 nubilis
1182 1030 1295 1077 erat
1311 1044 1325 1089 ;
1367 1031 1423 1077 et
1458 1025 1592 1096 quia
1627 1043 1692 1079 ea
1726 1027 2000 1096 placebat,
2026 1031 2312 1095 exspecta·

417 1112 593 1164 batur.

491 1201 578 1250 24.
618 1198 697 1250 Et
722 1197 881 1251 multi
907 1197 1071 1251 amici
1098 1198 1498 1266 agitaveramus
1534 1199 1735 1265 anim0,
1763 1207 1817 1253 et
1841 1201 2220 1271 colloquentes
2247 1219 2310 1254 ac

412 1283 746 1339 detestantes
797 1286 1139 1339 turbulentas
1191 1286 1446 1339 humanae
1492 1286 1619 1339 vitae
1670 1286 1967 1351 molestiaS,
2011 1305 2153 1356 pene
2192 1285 2311 1357 jam

410 1372 818 1427 firmaveramus
868 1373 1062 1425 remoti
1107 1392 1140 1426 a
1182 1373 1357 1425 turbis
1402 1371 1576 1424 otiose
1628 1372 1844 1426 vivere:
1912 1372 1972 1425 id
2017 1373 2187 1426 otium
2231 1374 2309 1427 sic

408 1460 602 1525 moliti,
628 1467 690 1513 ut
720 1460 766 1513 si
801 1460 936 1531 quid
971 1460 1174 1512 habere
1213 1477 1520 1530 possemUS,
1549 1459 1916 1512 conferremus
1954 1459 2012 1511 in
2050 1460 2310 1526 medium,

407 1565 686 1618 unamque
728 1566 842 1600 rem
885 1546 1207 1599 familiarem
1252 1547 1613 1599 conflaremus
1655 1565 1727 1598 ex
1769 1547 2059 1612 omnibus3
2117 1554 2180 1600 ut
2211 1567 2311 1618 per

408 1633 665 1687 amicitiae
707 1633 1075 1686 sinceritatem
1112 1652 1225 1686 non
1265 1639 1410 1686 esset
1448 1632 1598 1685 aliud
1635 1632 1801 1704 hujus
1842 1640 1896 1686 et
1934 1634 2083 1686 aliud
2120 1634 2306 1700 illius3

408 1722 506 1775 sed
558 1722 709 1793 quod
759 1741 832 1775 ex
883 1723 1098 1776 cunctis
1147 1722 1303 1775 fieret
1351 1741 1537 1786 unum,
1590 1728 1646 1774 et
1694 1722 2007 1774 universum
2065 1722 2307 1791 singulo-

404 1826 525 1860 rum
567 1814 727 1873 esset,
772 1815 827 1861 et
870 1809 1055 1861 omnia
1105 1809 1383 1860 omnium:
1445 1826 1571 1860 cum
1620 1807 1927 1861 videremur
1975 1809 2137 1862 nobis
2189 1829 2307 1863 esse

402 1913 569 1964 posse
615 1895 807 1947 decem
848 1894 1015 1947 ferme
1066 1893 1318 1947 homines
1358 1894 1417 1946 in
1460 1893 1651 1947 eadem
1694 1895 1970 1961 societate,
2016 1903 2307 1967 essentque

402 1982 546 2036 inter
593 2000 695 2035 nos
754 1981 1087 2051 praedivites,
1139 1982 1546 2034 Romanianus²
1595 1980 1839 2034 maxime
1891 1983 2305 2053 communiceps

402 2079 603 2135 noster,
633 2089 796 2140 quem
831 2076 963 2122 111110
1003 2086 1194 2137 graves
1223 2074 1388 2120 aestus
1421 2068 1767 2136 negotiorum
1795 2087 2015 2120 suorum
2041 2069 2112 2121 ad
2138 2070 2305 2122 comi-

402 2164 575 2210 tatum
604 2163 958 2221 attraxerant,
986 2157 1054 2208 ab
1081 2156 1304 2207 ineunte
1333 2162 1489 2207 aetate
1515 2155 1652 2206 mihi
1679 2155 2163 2221 familiarissimus3
2207 2157 2304 2228 qui

401 2247 642 2299 maxime
682 2246 926 2298 instabat
962 2244 1092 2298 huic
1131 2244 1229 2308 rei,
1257 2250 1310 2296 et
1347 2262 1604 2311 magnam
1643 2244 1701 2295 in
1742 2243 2023 2296 suadendo
2061 2246 2305 2299 habebat

400 2334 797 2397 auctoritatem,
826 2331 976 2403 quod
1014 2332 1198 2401 ampla
1233 2349 1319 2383 res
1359 2331 1477 2402 ejus
1511 2332 1744 2383 multum
1784 2331 1996 2383 caeteris
2024 2332 2300 2386 anteibat:

399 2428 455 2475 et
477 2423 760 2491 placuerat
783 2420 945 2472 nobis
982 2425 1046 2472 ut
1080 2419 1197 2471 bini
1226 2418 1395 2471 annui
1428 2424 1691 2489 tanquam
1728 2418 2079 2486 magistratus
2114 2420 2302 2473 omnia

399 2508 708 2562 necessaria
746 2513 1011 2571 curarent,
1044 2504 1256 2559 caeteris
1293 2504 1507 2574 quietis,

454 2657 468 2682 ¹
507 2654 784 2696 Romanianus
830 2661 1022 2708 cognatus
1071 2654 1146 2694 fuit
1183 2653 1323 2707 Alypii

401 2712 534 2765 (Aug.
556 2712 631 2766 Ep.
652 2713 704 2751 27
726 2712 776 2750 ad
800 2710 985 2762 Paulin.)
1007 2710 1140 2750 indole
1162 2715 1323 2763 Augus-

399 2767 481 2807 tino
515 2766 589 2821 ipsi
621 2766 795 2806 mirabili
829 2767 891 2820 (c.
912 2766 1044 2806 Acad.
1078 2766 1105 2805 i.
1132 2768 1170 2807 1.
1195 2765 1236 2804 ii.
1259 2764 1323 2815 1.)

401 2827 427 2844 “
450 2823 501 2862 ab
520 2823 682 2862 ineunte
701 2822 971 2862 adolescentia
991 2821 1215 2861 divitiarum
1242 2820 1318 2860 cir-

399 2877 661 2917 cumfluentia
698 2876 932 2930 exceptus‚''
961 2876 1065 2930 (ib.)
1113 2882 1155 2916 et
1189 2876 1320 2922 rebus,

400 2939 428 2955 “
450 2946 541 2986 quae
572 2939 762 2987 putantur
795 2931 968 2971 adversis
996 2945 1044 2971 ex
1080 2930 1323 2971 illecebrosis

399 2988 491 3028 vitae
521 2987 739 3041 gurgitibus
765 2986 965 3040 ereptus.”
994 2984 1097 3040 (ib.)
1148 2985 1319 3025 Divitias

399 3044 487 3096 ejus
533 3042 796 3097 amplissimas
838 3042 930 3096 plus
966 3041 1090 3081 semel
1126 3046 1321 3081 memorat

403 3101 513 3149 Aug.
543 3100 604 3151 (c.
625 3098 753 3137 Acad.
773 3097 803 3136 l.
825 3095 887 3147 c.)
914 3102 999 3136 tum
1028 3109 1189 3149 quoque
1215 3095 1317 3142 lites,

399 3155 546 3208 quibus
557 3153 795 3194 exercitatus
808 3159 879 3196 est.
894 3151 1095 3197 molestas,
1107 3154 1167 3204 (c.
1190 3151 1317 3190 Acad.

398 3210 427 3249 l.
450 3225 488 3250 c.
508 3209 547 3249 ii.
573 3211 609 3257 1,
631 3210 692 3262 2.)
726 3216 767 3248 01
797 3207 942 3260 quibus
965 3206 1243 3247 obnubilatum
1261 3212 1320 3246 est

395 3265 485 3320 ejus
512 3264 715 3318 ingenium
744 3263 799 3303 ita
817 3269 862 3302 ut
882 3275 996 3318 paene
1015 3275 1154 3302 omnes
1180 3261 1322 3301 lateret

398 3323 462 3371 (c.
484 3321 616 3360 Acad.
634 3320 676 3366 ii,
697 3319 761 3371 2.)
793 3326 879 3358 tum
907 3331 998 3358 vero
1028 3316 1205 3357 maxima
1234 3315 1320 3369 ejus

393 3390 489 3430 erga
514 3376 618 3428 Aug.
642 3376 772 3428 ipsum
798 3373 1007 3421 beneficia,
1028 3386 1146 3426 quem
1169 3376 1195 3396 “
1218 3373 1314 3411 ado-

393 3431 654 3471 lescentulum
681 3443 896 3485 pauperem
920 3429 970 3468 ad
998 3427 1206 3482 peregrina
1231 3434 1311 3467 stu-

395 3486 462 3527 dia
481 3493 724 3541 pergentem.
744 3485 912 3524 etdomo
931 3491 971 3524 et
983 3490 1116 3523 sumtu
1129 3490 1167 3523 et
1185 3482 1317 3535 (quod

395 3542 485 3595 plus
500 3543 581 3593 est)
596 3541 729 3580 animo
749 3539 966 3594 exceperit3
1001 3545 1112 3593 patre
1130 3539 1315 3578 orbatum

394 3596 571 3636 amicitia
602 3596 831 3637 consolatus
866 3594 930 3641 sit,
966 3593 1190 3634 hortatione
1229 3592 1312 3633 ani-

394 3652 531 3701 marit,
556 3665 634 3705 ope
662 3649 889 3704 adjuverit3
927 3648 1231 3703 Carthaginem,
1264 3648 1310 3688 il-

393 3706 583 3747 lustrioris
612 3705 863 3761 professionis
899 3703 1041 3761 gratia,
1071 3709 1316 3745 remeantem

392 3761 623 3805 necessariis
678 3761 863 3803 omnibus
919 3758 1317 3812 sustentaverit;’'—

1588 2504 1698 2558 Sed
1733 2511 2097 2576 posteaquam
2131 2506 2303 2576 coepit

1380 2658 1409 2677 “
1428 2659 1639 2707 postremo,
1662 2653 1855 2707 quidquid
1875 2654 1925 2694 de
1955 2653 2036 2694 otio
2062 2668 2151 2695 meo
2180 2654 2298 2695 modo

1379 2709 1546 2763 gaudeo,
1565 2711 1671 2763 quod
1687 2723 1711 2749 a
1727 2709 2015 2765 superfluarum
2032 2710 2298 2765 cupiditatum

1383 2764 1551 2804 vinculis
1568 2765 1739 2814 evolavi,
1761 2765 1870 2818 quod
1896 2766 2082 2819 depositis
2110 2766 2299 2806 oneribus

1375 2827 1622 2859 mortuarum
1657 2834 1859 2870 curarum,
1898 2821 2059 2875 respiro,
2096 2821 2295 2874 resipisco,

1378 2878 1495 2914 redeo
1531 2875 1582 2914 ad
1612 2888 1689 2922 me,
1716 2877 1823 2928 quod
1852 2889 1988 2929 quaero
2016 2875 2298 2917 intentissimus

1375 2929 1581 2970 veritatem
1622 2930 1767 2982 [Anno
1804 2938 1896 2970 ante
1933 2930 2173 2984 baptismum
2210 2931 2297 2985 ejus

1377 2984 1467 3024 haec
1485 2984 1637 3038 scripta
1651 2985 1762 3036 sunt]
1786 2986 1893 3039 quod
1919 2985 2097 3026 invenire
2121 2986 2205 3039 jam
2226 3000 2296 3040 ag-

1376 3039 1545 3093 gredior,
1587 3039 1696 3092 quod
1733 3054 1797 3080 me
1835 3041 1887 3080 ad
1923 3054 2124 3081 summum
2161 3041 2295 3096 ipsum

1378 3095 1539 3134 modum
1559 3101 1840 3149 perventurum
1858 3109 1941 3136 esse
1958 3097 2131 3145 confido,
2143 3103 2187 3137 tu
2206 3097 2293 3137 ani-

1374 3149 1507 3195 masti,
1529 3157 1571 3189 tu
1593 3150 1796 3204 impulisti,
1812 3158 1855 3190 tu
1874 3151 2046 3191 fecisti.’'
2079 3153 2137 3205 (c.
2161 3152 2294 3193 Acad.

1374 3205 1416 3245 ii.
1436 3205 1503 3258 2.)
1563 3207 1683 3253 Ε11111,
1705 3205 1745 3245 111
1774 3207 2095 3247 Manichaeorum
2123 3207 2293 3248 haeresin

1377 3266 1561 3301 “secum
1599 3260 1843 3315 praecipitem
1886 3262 2021 3302 dedit'’
2062 3263 2172 3316 Aug.
2225 3266 2286 3317 (c.

1378 3316 1508 3357 Acad.
1539 3315 1565 3356 i.
1594 3319 1626 3369 §.
1651 3317 1714 3368 3.)
1746 3318 1850 3357 unde
1875 3317 1998 3358 etiam
2024 3332 2116 3358 eum
2148 3318 2293 3373 pariter

1374 3371 1574 3412 emersisse
1630 3373 1869 3426 sperandum
1918 3381 1991 3421 est,
2040 3387 2133 3413 cum
2181 3373 2292 3427 Aug.

1370 3426 1519 3481 scripta
1547 3426 1843 3480 diligentissime
1871 3428 1946 3467 sibi
1975 3429 2288 3483 comparaverit;

1374 3483 1479 3536 (Ep.
1498 3482 1591 3532 27.)
1622 3496 1750 3536 neque
1777 3490 1911 3522 tamen
1938 3483 2186 3523 diffitendum
2215 3490 2288 3531 est,

1373 3537 1484 3589 Aug.
1514 3544 1598 3578 tum
1637 3537 1677 3576 in
1710 3537 1820 3578 libris
1857 3545 1995 3578 contra
2023 3538 2289 3580 Academicos

1369 3606 1463 3633 eum
1501 3592 1637 3632 timide
1677 3593 1890 3634 admodum
1927 3594 1978 3633 ad
2007 3606 2142 3633 veram
2181 3593 2287 3634 hanc

1370 3647 1661 3703 philosophiam
1677 3648 1919 3696 adhortasse,
1931 3654 1972 3688 et
1991 3648 2159 3688 Paulino
2177 3662 2287 3688 com-

1370 3703 1591 3750 mendasse,
1611 3709 1640 3726 “
1662 3702 1732 3756 qui
1756 3717 1805 3744 ex
1833 3703 1956 3751 omni,
1975 3710 2045 3743 aut
2061 3716 2112 3744 ex
2140 3716 2288 3757 magna

1371 3765 1484 3814 parte
1500 3771 1571 3813 per
1589 3757 1766 3814 linguam
1785 3758 1874 3814 ejus
1889 3758 2139 3801 sanaretur.'’
2166 3758 2271 3813 (ib.)
