2378 4134
769 489 1081 559 INDEX
1154 487 1615 558 CAPITUM.

910 669 1012 722 (Ex
1043 668 1199 709 EmT.
1229 666 1473 718 BENED.)

1083 853 1303 882 .-.·-

485 1022 668 1065 LIBER
704 1023 949 1066 PRIMUS.

265 1114 304 1155 Ι.
342 1114 474 1155 Deum
510 1114 596 1156 vult
631 1116 794 1156 laudare
826 1116 878 1156 ab
908 1115 992 1170 ipso
1014 1112 1163 1206 excital·

318 1175 398 1210 tus.
1107 1195 1118 1205 .

265 1223 328 1264 II.
357 1224 491 1264 Deum
527 1237 644 1288 quem
676 1224 832 1266 invocat
866 1223 909 1264 in
942 1222 1030 1276 ipso
1064 1182 1163 1268 egse,

317 1277 526 1331 ipsumque
543 1291 586 1319 ln
606 1279 710 1320 Deo.
1137 1277 1164 1316 2

264 1331 350 1371 111.
381 1333 494 1372 Deus
509 1332 565 1372 sic
586 1333 731 1386 ubique
759 1339 879 1380 totus,
900 1338 944 1371 ut
967 1343 1028 1372 τω
1052 1329 1166 1370 nulla

317 1385 446 1440 ipsum
466 1393 589 1427 totum
609 1387 754 1441 capiat.
1109 1387 1165 1425 id.

264 1440 344 1479 IV.
386 1441 463 1480 Dei
491 1442 676 1496 majestas
701 1450 741 1483 et
770 1440 1027 1496 perfectiones
1053 1438 1164 1479 inex·

317 1494 535 1548 plicabiles.
1110 1495 1165 1534 id.

265 1549 322 1588 V.
361 1549 468 1588 Petit
512 1561 685 1590 amorem
725 1548 820 1596 Dei,
857 1555 898 1589 et
934 1547 1165 1589 delictorum

317 1603 489 1643 veniam.
1138 1603 1164 1641 3

266 1657 345 1697 VI.
376 1657 588 1697 Infantiam
627 1669 740 1698 suam
776 1655 986 1704 describit;
1027 1655 1166 1695 laudat

321 1711 398 1751 Dei
419 1711 703 1765 providentiam
722 1718 762 1752 et
781 1710 1055 1751 aeternitatem.
1138 1712 1164 1749 4

265 1765 367 1806 VII.
396 1765 572 1806 Infantia
583 1779 739 1819 quoque
752 1764 924 1820 peccatis
934 1765 1117 1805 obnoxia.
1137 1765 1163 1804 6

264 1820 391 1860 VIII.
427 1821 544 1861 Unde
563 1833 662 1874 puer
677 1820 786 1873 loqui
805 1818 994 1858 didicerit.
1138 1820 1161 1858 7

264 1874 346 1914 IX.
376 1874 527 1914 Odium
560 1876 790 1918 litterarum,
821 1886 931 1912 amor
964 1873 1088 1919 lusus,
1122 1879 1163 1912 et

263 1929 1037 2036 X‚vzptiibarzdllutsffsoletmsggggzblorum
1068 1929 1161 2020 avo?

317 2044 430 2076 catur
448 2050 472 2076 a
489 2038 704 2078 litterarum
720 2037 860 2076 studio.
1134 2037 1161 2076 9

262 2090 342 2129 XI.
373 2092 517 2131 Morbo
543 2104 700 2144 pressus
719 2090 966 2144 Baptismum
995 2088 1160 2142 flagitat,

263 2152 578 2238 XIunengnlater
597 2152 705 2185 certo
725 2144 889 2239 cotpsglio
907 2144 1049 2236 differtt.
1105 2146 1162 2184 id.

359 2229 369 2240 .
506 2206 637 2240 itteras
665 2212 761 2252 coge
791 2212 814 2238 a
833 2211 894 2245 ur,
922 2210 1002 2250 quo
1046 2210 1162 2237 amen

320 2254 434 2293 Deus
453 2255 633 2294 utebatur
649 2254 766 2294 bene.
1114 2253 1162 2291 10

264 2307 394 2346 XIII.
424 2309 580 2354 Quibus
603 2309 741 2348 studiis
764 2306 1005 2362 potissimum
1027 2305 1076 2346 sit
1094 2307 1163 2346 de·

317 2361 496 2401 lectatus.
1112 2362 1158 2401 11

265 2415 388 2456 XIV.
420 2416 586 2456 Litteras
607 2417 771 2456 Graecas
789 2415 940 2455 oderat.
1111 2416 1161 2454 12

264 2470 349 2509 XV
352 2497 362 2507 .
394 2471 574 2510 Precatio
593 2471 643 2509 ad
666 2471 813 2510 Deum.
1112 2471 1160 2510 13

264 2524 386 2563 XVI.
419 2526 623 2579 Improbat
650 2526 809 2564 modum
830 2524 1045 2577 juventutis
1072 2536 1160 2563 eru-

317 2578 487 2619 diendae.
1108 2580 1161 2618 id.

264 2633 411 2672 XVII.
443 2633 695 2687 Prosequitur
718 2639 854 2673 contra
872 2632 1033 2671 modum
1051 2645 1163 2673 exer-

318 2688 456 2726 cendae
470 2688 688 2740 juventutis
706 2687 746 2726 in
765 2700 805 2727 re
822 2686 1022 2727 litteraria.
1116 2688 1163 2725 14

263 2740 432 2780 XVIII.
475 2742 595 2790 Quod
630 2742 805 2781 homines
837 2747 977 2780 curant
1007 2753 1163 2781 servare

318 2794 424 2846 leges
449 2796 805 2848 grammaticorum,
834 2803 874 2835 et
904 2808 981 2834 non
1013 2795 1162 2834 divino-

318 2862 402 2888 rum
422 2857 720 2904 praeceptorum.
1114 2852 1162 2889 15

265 2903 387 2942 XIX.
427 2904 610 2944 Pueritiae
646 2904 739 2944 vitia
778 2917 867 2958 quae
913 2903 954 2943 in
996 2903 1164 2958 majores

318 2963 453 2997 aetates
471 2965 687 2998 transeunt.
1114 2960 1164 2998 16

266 3010 363 3050 XX.
396 3012 472 3052 Pro
498 3013 609 3053 bonis
640 3012 714 3053 sibi
741 3011 783 3052 in
816 3012 979 3067 pueritia
1010 3012 1164 3053 collatis

318 3065 409 3105 Deo
427 3067 569 3119 gratias
586 3067 678 3121 agit.
1107 3069 1160 3107 id.

439 3196 621 3235 LIBER
658 3196 983 3237 SECUNDUS.

265 3276 302 3315 Ι.
331 3275 623 3318 Adolescentiae
660 3284 816 3318 aetatem
852 3284 892 3317 et
924 3277 1019 3318 vitia
1052 3289 1162 3318 reco-

318 3330 376 3370 lit.
1112 3332 1162 3370 18

264 3384 329 3423 II.
356 3384 518 3428 Annum
539 3385 662 3425 aetatis
690 3398 770 3424 suae
795 3385 990 3425 decimum
1009 3392 1161 3425 sextum

320 3438 361 3477 in
382 3440 518 3478 ardore
535 3439 742 3479 libidinoso
761 3446 1052 3493 consumptum.

266 3492 352 3531 111.
380 3493 444 3532 De
464 3493 771 3545 peregrinatione
789 3493 1006 3533 studiorum
1025 3506 1160 3537 causa,

321 3552 362 3584 et
379 3547 429 3585 de
449 3554 651 3599 parentum
671 3548 881 3602 proposito·
1107 3549 1162 3587 20

268 3599 348 3639 IV.
389 3600 551 3640 Furtum
588 3613 679 3642 cum
723 3601 922 3642 sodalibus
964 3608 1164 3656 perpetra-

322 3661 420 3695 tum.
1110 3657 1162 3696 21

1224 1021 1276 1060 V.
1305 1019 1519 1060 Neminem
1538 1031 1706 1074 peccare
1722 1019 1805 1060 sine
1821 1032 1957 1062 causa.
2067 1021 2121 1062 22

1225 1074 1302 1115 VI.
1332 1073 1482 1114 Omnia
1518 1087 1607 1128 quae
1646 1075 1738 1115 boni
1775 1074 1904 1129 specie
1941 1075 1991 1115 ad
2026 1074 2124 1116 vitia

1274 1128 1457 1176 invitant,
1495 1129 1536 1168 in
1577 1128 1662 1169 solo
1699 1129 1790 1170 Deo
1832 1141 1916 1170 esse
1958 1142 2051 1171 vera
2082 1137 2123 1170 et

1273 1182 1460 1236 perfecta.
2069 1185 2124 1226 23

1221 1237 1327 1278 VII.
1356 1237 1516 1277 Gratias
1554 1235 1636 1290 agit
1675 1237 1765 1278 Deo
1797 1250 1866 1291 pro
1899 1237 2124 1279 remissione

1273 1298 1538 1345 peccatorum,
1552 1291 1736 1345 quodque
1755 1304 1779 1331 a
1798 1290 1931 1332 multis
1947 1300 2126 1333 servatus

1275 1345 1337 1385 sit.
2068 1349 2123 1387 25

1221 1398 1349 1440 VIII.
1382 1398 1545 1440 Amavit
1563 1399 1605 1439 in
1624 1399 1726 1440 furto
1748 1401 1984 1442 consortium
2004 1400 2123 1442 simul

1275 1454 1540 1507 peccantium.
2069 1459 2123 1496 id.

1220 1506 1301 1548 IX.
1330 1508 1566 1562 Contagiosa
1587 1520 1648 1547 res
1666 1508 1819 1550 sodales
1837 1508 1947 1551 mali.
2069 1511 2125 1550 26

1220 1562 1273 1602 Χ.
1307 1562 1358 1602 In
1378 1563 1468 1604 Deo
1486 1574 1602 1603 omne
1619 1562 1784 1603 bonum.
2070 1567 2126 1607 id.

1433 1685 1612 1726 LIBER
1650 1686 1914 1729 TERTIUS.

1220 1775 1257 1816 Ι.
1287 1775 1433 1816 Amore
1452 1788 1570 1829 quem
1590 1777 1807 1817 venabatur
1825 1778 1993 1832 capitur.
2068 1779 2120 1819 27

1219 1829 1277 1868 II.
1308 1829 1470 1870 Amavit
1487 1830 1715 1883 spectacula
1732 1832 1895 1885 tragica.
2065 1835 2122 1873 id.

1218 1884 1308 1923 111.
1350 1885 1399 1923 In
1434 1884 1568 1924 schola
1604 1884 1768 1925 rhetoris
1799 1887 1850 1926 ab
1883 1887 2120 1927 Eversorum

1273 1937 1381 1978 factis
1400 1937 1652 1980 abhorrebat.
2067 1943 2122 1982 29

1219 1991 1299 2032 IV.
1331 1992 1563 2033 Hortensius
1583 1993 1786 2033 Ciceronis
1804 1995 1988 2036 excitavit
2007 1996 2119 2036 illum

1273 2045 1325 2085 ad
1344 2047 1524 2086 ardorem
1543 2047 1817 2100 philosophiae.
2067 2052 2123 2091 30

1218 2100 1271 2140 V.
1303 2101 1480 2140 Fastidiit
1499 2114 1632 2141 sacras
1658 2101 1824 2142 Litteras
1849 2111 2008 2159 propter
2026 2105 2121 2145 sim-

1271 2154 1484 2206 plicitatem
1502 2155 1594 2195 stili.
2066 2161 2117 2199 31

1218 2207 1297 2247 VI.
1325 2208 1364 2247 A
1385 2209 1621 2250 Manichaeis
1641 2210 1838 2262 quomodo
1856 2218 2007 2267 captus.
2067 2216 2121 2255 id.

1219 2262 1321 2302 VII.
1364 2264 1557 2303 Doctrina
1596 2264 1909 2306 Manichaeorum
1949 2269 2121 2308 absurda

1272 2316 1337 2355 cui
1356 2317 1662 2370 suffragabatur.
2065 2325 2118 2363 34

1218 2369 1347 2410 VIII.
1376 2371 1526 2410 Contra
1550 2371 1798 2413 Manichaeos
1823 2373 1919 2414 dicit
1937 2388 2026 2428 quae
2046 2377 2118 2417 fla·

1270 2424 1363 2477 gitia
1403 2438 1556 2479 semper
1600 2426 1845 2477 detestanda,
1888 2442 1979 2482 quae
2023 2430 2120 2470 faci·

1272 2491 1383 2518 nora.
2066 2486 2121 2526 36

1217 2532 1298 2572 IX.
1330 2533 1553 2573 Discrimen
1590 2533 1691 2573 inter
1724 2542 1904 2588 peccata,
1943 2544 1983 2578 et
2019 2538 2120 2579 inter

1273 2587 1351 2626 Dei
1365 2587 1559 2640 judicium
1579 2595 1618 2627 et
1636 2588 1850 2629 hominum.
2064 2595 2118 2633 38

1219 2641 1435 2733 X.bNugae
1454 2642 1768 2682 Manichaeorum
1788 2645 1838 2684 de
1857 2651 1967 2686 terrae
1982 2646 2114 2687 fructi-

1302 2709 1361 2735 us.
2064 2703 2119 2743 39

1218 2749 1313 2842 ΧΙίξι
1335 2750 1526 2791 Planctus
1570 2756 1611 2791 et
1658 2752 1851 2794 somnium
1895 2753 2030 2795 matris
2068 2757 2118 2796 de

1317 2804 1368 2844 io.
2066 2812 2119 2850 42

1219 2857 1322 2896 XII.
1353 2859 1484 2906 Quale
1504 2871 1732 2913 responsum
1759 2868 1884 2902 mater
1907 2862 2118 2917 Augustini

1271 2913 1475 2974 accepit-a
1502 2915 1673 2966 quodam
1706 2915 1889 2971 episcopo
1921 2917 1970 2958 de
1999 2917 2121 2973 ipsius

1272 2979 1543 3008 conversione.
2065 2974 2119 3013 43

1409 3089 1590 3129 LIBER
1631 3090 1748 3139 QUA
1759 3090 1870 3132 RTU
1881 3090 1925 3132 S.

1218 3171 1253 3209 I.
1295 3170 1500 3218 Quamdiu
1533 3178 1573 3212 et
1610 3173 1807 3225 quomodo
1841 3173 1939 3214 alios
1973 3175 2117 3215 sedux-

1270 3225 1357 3265 erit.
2063 3231 2118 3271 45

1218 3278 1280 3317 ΙΙ.
1311 3278 1563 3318 Rhetoricam
1582 3279 1710 3326 docet,
1723 3281 1982 3322 concubinam
1998 3279 2117 3333 fovet,

1270 3339 1311 3371 et
1338 3333 1556 3386 aruspicem
1586 3334 1656 3386 qui
1685 3334 1890 3375 victoriam
1918 3338 2116 3391 promitte-

1271 3385 1354 3431 bat,
1374 3386 1599 3428 contemnit.
2032 3388 2038 3395 “
2061 3393 2117 3433 46

1218 3440 1304 3479 111.
1332 3440 1398 3480 Ab
1417 3441 1640 3494 astrologia,
1661 3441 1725 3482 cui
1750 3443 1905 3483 deditus
1928 3451 2026 3492 erat,
2046 3460 2117 3501 per

1270 3506 1402 3534 senem
1423 3495 1631 3536 medicinae
1655 3504 1695 3536 et
1719 3509 1847 3537 rerum
1867 3499 2034 3552 peritum
2055 3514 2116 3541 re·

1271 3555 1449 3589 vocatur.
2061 3557 2114 3596 47

1219 3602 1300 3642 IV.
1330 3603 1518 3642 Morbum
1529 3610 1567 3643 et
1584 3603 1823 3657 baptismum
1839 3605 1955 3646 amici
1969 3618 2116 3657 narrat,

1274 3669 1390 3710 quem
1418 3657 1537 3698 etiam
1560 3658 1640 3699 suis
1658 3659 1853 3701 erroribus
1871 3660 2113 3712 involverat3
