2378 4134
380 153 485 202 160
855 150 909 204 S.
950 149 1397 203 AUGUSTINI
1437 149 1800 204 EPISCOPI

449 285 538 334 21.
580 282 711 336 Hoc
738 300 961 354 quoque
996 283 1080 335 illi
1114 284 1262 335 bono
1290 283 1568 354 mancipio
1598 291 1710 347 tuo,
1737 282 1795 334 in
1823 280 1981 352 cujus
2007 287 2162 334 utero
2188 298 2275 334 me
2295 317 2369 354 ‘u

375 368 591 435 creasti,
629 370 785 422 Deus
823 387 996 435 meuS,
1034 368 1409 423 misericordia
1444 387 1584 435 mea,
1622 387 1823 422 munus
1863 368 2066 438 grande
2106 367 2276 423 dona·

375 473 550 524 veras,
571 455 723 528 quod
740 455 884 509 inter
901 454 1232 508 dissidentes
1258 462 1424 526 atque
1449 454 1728 510 discordes
1748 455 2024 527 quaslibet
2049 455 2277 521 animae,
2313 510 2325 530 0

375 543 474 597 ubi
511 551 744 615 poterat,
770 552 881 598 tam
920 562 978 597 se
1017 545 1301 614 praebebat
1336 543 1647 614 pacificam,
1674 551 1737 598 ut
1775 563 1900 598 cum
1939 544 2008 597 ab
2047 551 2276 614 utraque
2298 549 2326 601 ,Ξ

375 632 551 684 multa
589 630 656 685 de
694 631 933 683 invicem
972 630 1183 683 audiret
1221 630 1576 696 amarissima,
1616 631 1803 702 qualia
1850 632 1990 684 solet
2036 636 2278 684 eructare
2325 619 2330 623 ’

375 728 600 787 turgens
636 724 801 789 atque
834 717 1113 786 indigesta
1147 715 1423 770 discordia
1449 717 1670 788 quando
1706 717 1965 788 praesenti
1991 717 2182 771 amicae
2210 715 2277 770 de

375 807 602 859 absente
626 804 852 858 inimica
876 822 976 874 per
1001 803 1161 857 acida
1199 804 1478 874 colloquia
1514 802 1781 858 cruditas*
1811 805 2100 858 exhalatur
2125 793 2277 856 odio-

373 911 525 957 rum3
564 892 706 944 nihil
744 899 925 944 tamen
965 891 1119 944 alteri
1159 890 1227 943 de
1266 892 1435 944 altera
1470 890 1741 961 proderet,
1766 892 1876 944 nisi
1901 891 2052 962 quod
2085 890 2156 944 ad
2185 907 2278 944 eas

372 978 809 1033 reconciliandas
847 979 1065 1031 valeret.
1142 979 1379 1031 Parvum
1415 978 1523 1032 hoc
1567 980 1775 1032 bonum
1812 979 1950 1030 mihi
1988 978 2278 1043 videretur,

371 1066 481 1119 nisi
505 1067 692 1120 turbas
717 1065 1144 1118 innumerabiles
1170 1066 1339 1120 tristis
1366 1066 1658 1135 experirer,
1678 1065 1866 1119 nescio
1885 1084 1994 1136 qua
2008 1063 2280 1118 horrenda

369 1153 688 1223 pestilentia
711 1159 1068 1223 peccatorum
1093 1152 1358 1205 latissime
1385 1159 1734 1222 pervagante,
1760 1171 1875 1205 non
1902 1154 2081 1205 solum
2115 1151 2277 1204 irato-

368 1259 491 1294 rum
524 1241 871 1294 inimicorum
896 1240 1049 1293 iratis
1075 1240 1314 1293 inimicis
1354 1239 1503 1293 dicta
1539 1240 1786 1310 prodere,
1815 1239 1912 1292 sed
1949 1240 2115 1292 etiam
2155 1257 2278 1308 quae

367 1347 480 1381 non
508 1328 658 1381 dicta
684 1335 813 1382 sunt
848 1328 1048 1381 addere
1068 1348 1081 1392 ;
1133 1347 1259 1381 cum
1300 1335 1490 1381 contra
1526 1325 1774 1381 homini*
1805 1329 2046 1380 humano
2085 1344 2277 1396 parum

366 1434 488 1469 esse
534 1415 731 1469 debeat
769 1416 1089 1469 inimicitias
1139 1416 1426 1468 hominum
1477 1434 1580 1468 nec
1634 1416 1875 1469 excitare
1927 1432 2029 1467 nec
2082 1430 2279 1482 augere
2376 1445 2378 1497 ᾧ

366 1504 510 1556 male
561 1503 862 1574 loquendo,
903 1503 1012 1555 nisi
1053 1521 1145 1555 eas
1189 1503 1353 1555 etiam
1406 1502 1758 1570 exstinguere
1808 1504 1950 1555 bene
2001 1499 2277 1571 loquendo
2377 1500 2378 1504 ’

367 1590 666 1654 studuerit3
735 1590 914 1661 qualis
966 1590 1062 1642 illa
1113 1596 1244 1655 erat,
1289 1588 1519 1643 docente
1566 1596 1618 1643 te
1662 1589 1923 1657 magistro
1973 1588 2169 1641 intimo
2219 1586 2279 1638 in

368 1678 560 1730 schola
586 1677 850 1748 pectoris.

441 1769 530 1817 22.
572 1764 832 1835 Denique
860 1764 1038 1817 etiam'
1053 1764 1231 1816 virum
1271 1783 1431 1816 suum
1463 1763 1582 1834 jam
1620 1763 1678 1815 in
1721 1770 1968 1816 extrema
2004 1763 2119 1816 vita
2158 1762 2279 1833 ejus

365 1853 655 1922 temporali
687 1854 901 1906 lucrata
935 1859 1019 1905 est
1051 1853 1173 1917 tibi,
1200 1871 1303 1905 nec
1338 1853 1397 1904 in
1437 1871 1502 1904 eo
1534 1851 1653 1923 jam
1692 1850 1844 1904 fideli
1878 1851 2098 1922 planxit
2133 1848 2282 1920 quod

366 1940 426 1992 in
476 1940 724 1992 nondum
775 1939 927 1993 fideli
980 1941 1315 1992 toleraverat.
1393 1941 1532 1992 Erat
1582 1939 1748 1992 etiam
1800 1957 1954 1991 serva
2005 1954 2278 1989 servorum

365 2035 599 2081 tuorum.
679 2027 946 2098 Quisquis
987 2045 1174 2079 eorum
1212 2034 1439 2080 noverat
1477 2046 1616 2091 eam,
1642 2028 1874 2079 multum
1912 2026 1970 2077 in
1997 2043 2063 2077 ea
2086 2023 2277 2077 lauda-

363 2116 462 2167 bat
500 2122 555 2167 et
591 2115 901 2167 honorabat
940 2120 993 2167 et
1032 2114 1297 2181 diligebat
1319 2121 1407 2178 te3
1451 2114 1581 2184 quia
1621 2114 1892 2166 sentiebat
1929 2111 2278 2183 praesentiam

367 2210 518 2255 tuam
544 2201 603 2252 in
630 2201 793 2254 corde
829 2202 966 2273 ejus,
996 2208 1202 2254 sanctae
1240 2201 1670 2254 conversationis
1707 2201 1975 2253 fructibus
2007 2194 2278 2252 testibus¹·

160 2297 293 2338 1Tim.
311 2298 350 2345 5,
370 2290 571 2342 Fuerat
598 2289 744 2340 enim
770 2291 939 2340 ‘etuias
967 2290 1074 2340 viri
1112 2306 1275 2352 umor,
1301 2295 1557 2340 mutuam
1593 2290 1763 2340 vicem
1790 2287 2123 2354 parentibus
2155 2285 2278 2338 red-

156 2355 201 2403 9,
223 2355 266 2394 4.
285 2354 350 2393 10.
368 2377 611 2442 diderat,
637 2376 858 2428 domam
886 2394 1044 2429 suam
1071 2377 1172 2443 pie
1200 2382 1561 2442 tractaverat,
1587 2376 1647 2427 in
1675 2375 1926 2443 operibus
1953 2374 2102 2426 bonis
2129 2374 2279 2426 testi-

161 2470 260 2512 Gal.
281 2472 321 2520 4,
365 2465 612 2516 monium
663 2462 914 2515 habebat.
1008 2464 1311 2514 Natm'erat
1365 2462 1527 2526 filios,
1580 2463 1741 2515 toties
1792 2480 1878 2515 eas·
1927 2462 2278 2529 parturient-9,

164 2528 229 2568 19.
371 2550 588 2622 quoties
629 2550 728 2602 abs
767 2557 820 2602 te
861 2549 1077 2602 deviare
1121 2550 1394 2602 cernebat.
1474 2550 1758 2602 Postremo
1799 2549 1980 2614 nobis,
2020 2548 2279 2611 Domine,

370 2637 646 2701 omnibUS,
688 2637 820 2707 quia
871 2655 943 2689 ex
984 2654 1209 2688 munere
1259 2644 1352 2688 tuo
1403 2636 1538 2688 sinis
1584 2636 1741 2706 loqui
1790 2636 1959 2688 servis
2007 2635 2135 2700 tuis,
2185 2633 2282 2704 qui

371 2731 497 2777 ante
540 2723 923 2776 dormitionem
965 2722 1083 2793 ejus
1123 2723 1181 2774 in
1222 2730 1275 2775 te
1310 2721 1428 2793 jam
1467 2723 1768 2776 consociati
1805 2723 2123 2775 vivebamus
2157 2739 2280 2791 per-

372 2817 535 2879 cepta
586 2811 758 2879 gratia
810 2810 1086 2879 Baptismi
1139 2810 1237 2875 tui,
1289 2810 1366 2862 ita
1417 2828 1604 2862 curam
1658 2810 1829 2877 gessit
1880 2810 2039 2879 quasi
2090 2827 2280 2861 omnes

374 2897 672 2965 genuisset,
699 2898 778 2949 ita
805 2897 1026 2949 servivit
1052 2897 1211 2966 quasi
1239 2898 1307 2949 ab
1337 2897 1591 2949 omnibus
1632 2897 1816 2964 genita
1853 2896 2060 2948 fuisset.

236 2985 290 3024 X.
451 2987 538 3035 23.
580 2983 944 3052 Impendente
991 2991 1172 3035 autem
1213 2981 1300 3034 die
1342 3001 1452 3052 quo
1493 3001 1563 3035 ex
1602 2983 1708 3036 hac
1747 2983 1860 3035 vita
1897 2989 2012 3036 erat
2050 2983 2282 3048 exitura,

168 3040 312 3149 ἓξὲξ,
379 3089 544 3143 quem
592 3070 739 3125 diem
776 3077 838 3123 tu
874 3088 1122 3134 noveras,
1160 3069 1542 3137 ignorantibus
1590 3070 1785 3133 nobis3
1842 3078 2183 3140 provenerat,
2221 3077 2284 3123 ut

170 3159 562 3248 {ssmdfffficredm
586 3164 914 3229 procurante
954 3164 1007 3210 te
1046 3157 1279 3210 occultis
1317 3157 1427 3209 tuis
1465 3156 1662 3222 modiS,
1689 3163 1750 3209 ut
1787 3175 1890 3226 ego
1930 3164 1985 3211 et
2019 3158 2143 3228 ipsa
2180 3157 2284 3210 soli

172 3274 295 3315 regno

171 3318 297 3414 ἓιῗιὲῗ-
440 3367 460 3399 h
490 3368 624 3407 Mater
643 3373 791 3411 nostra,
808 3366 925 3421 cujus
942 3366 1164 3419 ingenium,
1185 3372 1306 3420 atque
1362 3365 1391 3406 1.
1411 3364 1456 3406 ii.
1478 3366 1518 3419 ἓ.
1545 3367 1580 3406 1.
1610 3366 1715 3407 Ibid.
1733 3367 1760 3408 l.
1786 3366 1811 3406 i.
1830 3367 1870 3420 §-
1888 3368 1955 3408 32.
1974 3381 2064 3408 earn
2084 3374 2112 3394 ‘¹
2128 3367 2282 3410 divinas

379 3422 422 3463 in
441 3436 502 3463 res
521 3422 675 3463 divinas
688 3422 983 3463 inflammatum
1004 3422 1199 3468 animum,
1213 3435 1307 3462 cum
1362 3421 1579 3476 scripturas
1609 3422 1893 3463 vehementer’'
1927 3423 1984 3463 ait
2017 3429 2044 3446 “
2067 3423 2281 3478 amplecti”

380 3485 503 3519 antea
522 3477 711 3518 convictu
731 3477 935 3524 diuturno,
956 3484 996 3518 et
1014 3477 1192 3531 diligenti
1211 3490 1307 3518 con·
1362 3483 1403 3517 et
1420 3476 1608 3517 eximium
1629 3480 1718 3528 ejus
1738 3477 1885 3533 profert
1901 3491 2133 3534 responsum
2151 3495 2164 3528 ;
2197 3485 2223 3502 ‘⁸
2238 3478 2282 3518 Si

379 3532 614 3574 sideratione
628 3546 924 3588 perspexeram,
940 3539 1026 3574 tum
1038 3546 1132 3573 vero
1149 3532 1190 3573 in
1203 3545 1304 3586 qua·
1358 3533 1467 3572 bona
1490 3545 1582 3586 quae
1602 3533 1697 3574 velit
1723 3541 1764 3574 et
1788 3533 1951 3580 habeat,
1970 3535 2110 3575 beatus
2138 3541 2216 3583 est;
2247 3532 2281 3574 si

380 3589 475 3629 dam
508 3588 775 3644 disputatione
814 3601 895 3629 non
924 3601 1057 3643 parvae
1092 3588 1164 3635 rei,
1193 3594 1307 3628 tanta
1360 3595 1494 3628 autem
1516 3588 1624 3628 mala
1643 3589 1751 3635 velit,
1772 3589 1955 3643 quamvis
1983 3590 2143 3639 habeat,
2164 3590 2282 3630 miser

382 3643 482 3683 mibi
501 3657 615 3684 mens
631 3643 668 3699 ej
676 3658 721 3685 us
739 3650 994 3699 apparuerat,
1005 3650 1049 3684 ut
1061 3643 1158 3683 nihil
1174 3644 1308 3698 aptius
1361 3643 1467 3685 est.’'
1524 3643 1590 3685 De
1609 3644 1728 3686 beata
1745 3643 1842 3692 vita,
1863 3645 1899 3697 ς.
1924 3646 1988 3686 10.

383 3711 484 3739 verae
520 3698 783 3755 philosophiae
822 3698 1032 3741 videretur.
1101 3699 1167 3740 De
1204 3699 1307 3742 otd.
