2378 4134
300 190 402 234 :310

413 318 616 360 Pertoesus
645 316 820 361 licentioe
849 317 1095 361 scholarium
1123 320 1225 362 Car-

358 372 656 428 thaginensium
677 374 853 415 Romam
871 374 1048 428 navigat.
1069 375 1139 423 70,
1156 377 1222 417 71.

359 429 490 470 invita
509 434 550 469 et
569 427 741 484 decepta
759 437 902 478 matre,
923 431 993 477 71,
1011 432 1078 472 72.

417 484 560 525 Romae
576 483 676 525 febri
688 494 892 539 correptus
905 486 946 525 in
961 486 1079 527 domo
1091 486 1225 540 cujus·

360 539 455 580 dam
486 539 724 588 Manichaei,
765 541 883 594 (74.)
914 541 1138 597 periculose
1165 541 1226 580 la-

358 595 489 643 borat,
525 595 592 636 72.
638 609 718 636 non
742 594 830 649 jam
859 603 904 636 ut
934 605 1067 645 antea,
1104 596 1224 652 (10.)

360 650 542 706 Baptisrn
550 663 614 690 um
631 651 799 706 flagitat,
811 652 881 692 sed
893 652 1058 693 demens
1076 653 1227 699 irridet,

361 707 430 747 73.
473 706 749 754 Convalescit,
770 707 837 748 74.

414 761 682 803 Familiariter
690 769 867 803 versatur
876 775 968 802 cum
983 761 1228 802 Manichaeis

356 824 440 858 tam
464 817 617 858 Electis
637 831 759 871 quam
779 817 1054 864 Auditoribus,
1076 819 1129 859 ib.

414 872 677 913 Rhetoricam
699 873 753 913 ibi
772 871 906 920 docet,
927 874 995 912 78.

411 927 695 968 Mediolanum
727 928 895 967 mittitur
923 942 947 968 a
980 927 1225 981 Symmacho

357 982 466 1023 urbis
510 983 704 1038 praefecto
752 983 981 1025 Rhetoricae
1031 983 1227 1025 docendae

356 1050 512 1086 caussa,
535 1039 602 1079 79.

412 1093 597 1147 Benigne
617 1092 816 1147 excipitur
837 1094 888 1134 ab
916 1093 1147 1140 Ambrosio,
1168 1093 1222 1136 ib.

355 1147 472 1202 cujus
508 1162 642 1190 amore
674 1149 843 1203 capitur,
874 1150 929 1190 ib.
974 1156 1015 1189 et
1042 1149 1228 1190 facundia

355 1202 592 1254 delectatur,
614 1205 667 1246 ib.
712 1204 862 1245 Audita
883 1205 1006 1245 unius
1025 1212 1145 1258 atque
1167 1206 1226 1245 al-

354 1259 475 1300 terius
505 1260 583 1300 loci
615 1260 829 1313 Scripturae
855 1260 1107 1310 tractatione,
1129 1275 1222 1313 cog·

354 1315 482 1355 noscit
499 1316 619 1356 fidem
643 1316 899 1357 Catholicam
921 1316 1082 1357 defendi
1109 1330 1222 1371 posse

352 1376 495 1411 contra
517 1371 788 1420 Manichaeos,
814 1374 884 1418 80,
904 1374 971 1412 85.
1018 1374 1132 1421 Quos
1151 1374 1222 1413 de·

353 1439 462 1466 mum
498 1427 784 1481 relinquendos
814 1427 1008 1474 decernit,
1039 1428 1094 1469 ib.
1143 1428 1222 1469 Sed

352 1481 485 1522 adhuc
505 1484 556 1524 de
578 1483 766 1524 omnibus
785 1483 992 1530 dubitans,
1016 1483 1221 1524 Catechu-

353 1550 496 1578 menus
515 1537 557 1578 in
580 1539 765 1580 Ecclesia
794 1539 996 1579 catholica
1025 1553 1109 1581 esse
1141 1547 1222 1580 sta-

352 1594 443 1640 tuit,
464 1595 593 1635 donec
615 1595 764 1648 aliquid
785 1594 884 1636 certi
903 1595 1074 1642 eluceat,
1098 1597 1164 1638 81.

408 1649 491 1688 AEt.
513 1665 577 1690 an.
600 1664 700 1691 xxx.
721 1652 791 1691 96.

410 1705 520 1758 Aug.
574 1719 650 1747 nec
709 1705 968 1746 Manichaeus
1024 1712 1099 1754 est,
1147 1719 1222 1746 nec

354 1758 607 1809 catholicus,
642 1763 707 1803 82.
763 1761 961 1802 Ecclesiae
998 1761 1222 1801 doctrinam

353 1815 495 1868 magis,
518 1818 723 1871 magisque
741 1817 941 1870 intelligit.
960 1817 1224 1858 concionante

353 1870 586 1922 Ambrosio,
606 1875 675 1916 86.
719 1873 1013 1914 Necessitatem
1042 1873 1150 1918 fidei.
1183 1880 1224 1913 et

353 1926 654 2022 {gripturarum
701 1930 974 1970 auctoritatem
1025 1929 1221 1982 agnoscit,

409 2038 548 2079 Inhiat
567 2039 700 2080 adhuc
719 2038 949 2087 honoribus,
969 2038 1109 2088 lucris,
1129 2053 1224 2081 con-

349 2093 479 2148 jugio,
501 2096 569 2135 90.

409 2149 655 2190 Ambitionis
668 2158 707 2191 et
720 2150 988 2203 cupiditatum
1003 2149 1223 2191 vanitatem

356 2205 560 2254 edocetur,
591 2206 675 2246 viso
703 2206 888 2246 mendico
925 2218 1007 2260 prae
1041 2206 1135 2246 vino
1159 2205 1223 2259 jo·

355 2268 475 2301 cante
493 2269 534 2300 et
551 2262 731 2307 laetante‚
750 2261 804 2301 ib.

413 2316 653 2371 Panegyrim
704 2315 920 2357 conscribit
967 2316 1010 2355 in
1057 2315 1222 2356 laudem

355 2371 629 2426 ImperatoriS,
645 2373 698 2414 ib.
734 2372 833 2413 forte
847 2371 1126 2413 Valentiniani
1145 2372 1219 2411 mi·

355 2428 475 2472 noris,
496 2427 551 2469 ib.
572 2441 611 2468 n.

411 2482 572 2523 Anxius
591 2489 651 2523 est
670 2482 721 2522 de
741 2481 832 2521 vitae
855 2480 1003 2521 ratione
1027 2481 1222 2528 ineunda,

352 2539 420 2579 97.
482 2538 795 2579 Conversionem
835 2538 885 2578 de
933 2536 998 2577 die
1036 2537 1076 2576 in
1117 2537 1223 2577 diem

354 2593 502 2638 differt,
524 2596 592 2634 98.

412 2651 517 2689 Eum
540 2651 592 2689 ab
618 2648 794 2688 ineundo
825 2646 1011 2702 conjugio
1040 2661 1226 2688 revocare

363 2714 532 2745 conatur
546 2704 815 2758 Alypius‚98.
845 2717 945 2743 uxor
965 2704 1000 2743 ei
1021 2703 1226 2756 quaeritur,

364 2762 432 2801 99.
483 2775 564 2814 quo
603 2760 844 2813 conjugatus
889 2760 1127 2813 baptizetur,
1168 2761 1221 2800 ib.

356 2817 599 2857 Concubina
616 2815 656 2855 in
674 2815 853 2855 Africam
874 2815 1002 2856 redire
1016 2815 1223 2870 permissa,

355 2873 478 2912 aliam
503 2873 587 2926 ipse
608 2878 809 2925 procurat,
834 2872 925 2911 101.

410 2928 450 2967 A
501 2928 656 2980 gurgite
704 2926 925 2966 carnalium
965 2925 1220 2981 voluptatum

355 2990 463 3022 metu
499 2983 637 3022 mortis
665 2989 706 3021 et
736 2981 859 3021 futuri
882 2981 1027 3036 judicii
1058 2995 1221 3022 revoca-

353 3037 488 3085 batur,
528 3037 599 3089 qui
645 3042 777 3077 metus
823 3038 875 3076 ab
923 3037 1014 3091 ejus
1061 3045 1223 3092 pectore

355 3107 562 3147 nunquam
582 3091 762 3139 recessit,
789 3093 883 3132 101.

412 3150 478 3189 De
497 3149 580 3188 vita
599 3147 801 3188 communi
820 3145 993 3200 agenda,
1010 3159 1101 3186 cum
1125 3146 1223 3185 ami-

355 3203 413 3244 cis
428 3204 644 3248 deliberat,
669 3204 762 3243 100.
791 3203 880 3257 ejus
900 3202 1016 3248 ratio,
1038 3201 1092 3242 ib.
1126 3215 1223 3242 con-

353 3259 487 3300 silium
507 3259 711 3314 abjicitur,
735 3259 826 3299 101.

410 3317 495 3356 AEt.
516 3331 581 3355 an.
600 3313 712 3355 xxxi.
739 3315 831 3354 103.

410 3371 658 3424 Ignorantiae
679 3368 851 3410 tenebris
881 3366 1088 3408 involutus
1116 3372 1222 3406 errat

354 3426 486 3467 adhuc
506 3425 616 3466 circa
630 3425 708 3465 Dei
722 3432 920 3471 naturam,
940 3425 1033 3463 103.
1066 3423 1220 3462 Verum

352 3482 692 3536 contemplatione
703 3480 898 3534 gradatim
913 3491 1124 3532 assurgens
1134 3490 1222 3532 per-

352 3537 464 3578 venit
494 3537 655 3578 demum
693 3535 746 3575 ad
777 3550 824 3576 11)
855 3549 973 3579 Quor>
1009 3547 1108 3581 ssu
1150 3533 1221 3573 sed

353 3592 474 3646 figere
510 3591 639 3633 aciem
674 3604 754 3630 non
791 3591 913 3639 valet,
943 3591 1039 3630 119.
1080 3587 1219 3629 Credit

354 3647 395 3686 in
429 3648 636 3689 Christum
668 3645 802 3687 stabili
831 3647 925 3693 fide,
946 3646 1015 3686 sed
1046 3643 1223 3690 informi,

360 3705 454 3750 111,
479 3705 572 3744 108.
605 3709 646 3742 et
674 3714 855 3750 erronea,
877 3701 932 3743 ib.
960 3714 1054 3741 cum
1083 3698 1222 3740 Photi-

356 3757 485 3798 nianis
504 3758 654 3812 quippe
672 3756 755 3799 fere
773 3755 1038 3804 consentiens,
1061 3756 1156 3795 121.

1107 181 1386 233 INDEX.

1394 315 1696 359 Platonicorum
1721 317 1915 360 librorum
1942 319 2116 364 lectione
2145 324 2199 366 ad

1337 369 1621 414 inveniendam
1634 373 1844 414 veritatem
1859 374 2086 430 adjuvatur,
2105 379 2198 428 112,

1340 428 1432 468 122.
1485 428 1548 468 Ex
1572 428 1720 483 quibus
1749 430 1910 484 peritior
1937 432 2114 485 quidem,
2130 436 2200 476 sed

1337 482 1512 523 inflatior
1530 484 1674 528 evadit.
1699 487 1794 526 121.

1392 538 1553 579 Transit
1577 540 1629 580 ad
1660 541 1910 596 Scripturam
1941 542 1985 582 S.
2005 542 2200 584 maxime-

1336 605 1415 645 que
1443 593 1497 634 ad
1527 594 1767 649 Apostolum
1800 596 1990 646 Paulum,
2011 597 2065 638 ib.
2087 598 2200 651 cujus

1338 648 1510 690 lectione
1523 650 1668 691 mirum
1682 651 1722 691 in
1733 653 1896 692 modum
1916 652 2086 707 proficit,
2103 655 2195 696 123.

1392 704 1478 745 AEt.
1496 720 1565 745 an.
1585 707 1710 748 xxxii.
1733 709 1828 748 136.

1395 759 1598 814 Displicet
1618 775 1735 814 agere
1756 763 1798 803 in
1828 762 1991 811 saeculo,
2014 764 2105 805 126.
2140 765 2193 804 A·

1340 825 1448 854 more
1467 823 1604 857 tamen
1623 817 1780 858 ferninae
1800 818 2015 865 detinetur,
2035 820 2088 860 ib.
2125 821 2200 861 Vis

1337 869 1457 909 malae
1477 873 1776 914 consuetudinis
1799 874 1841 913 in
1871 887 1979 922 eum,
2006 876 2095 915 132.
2133 876 2199 915 Li-

1337 931 1454 977 gatus
1476 940 1556 967 non
1585 927 1688 968 ferro
1712 929 1860 975 alieno,
1882 929 1951 969 sed
1970 943 2043 970 sua
2071 932 2200 972 ferrea

1339 980 1558 1030 voluntate,
1578 983 1632 1024 ib.

1393 1036 1696 1091 Simplicianum
1717 1038 1815 1084 adit,
1835 1039 1927 1080 126.
1961 1047 2142 1080 movetur
2161 1048 2201 1082 et

1337 1091 1495 1144 angitur
1535 1094 1674 1134 audita
1712 1095 1764 1134 ab
1806 1094 1893 1148 ipso
1941 1097 2198 1137 conversione

1343 1146 1548 1195 Victorini,
1582 1151 1671 1190 131.
1714 1156 1754 1189 et
1783 1150 1866 1189 vita
1897 1150 2076 1198 Antonii,
2111 1165 2199 1192 nar-

1335 1210 1449 1244 rante
1489 1204 1732 1253 Pontitiano,
1770 1206 1862 1253 134,
1902 1207 2025 1260 1433,ὅ
2043 1219 2199 1247 necnon

1334 1260 1592 1301 conversione
1611 1263 1782 1302 duorum
1804 1267 1815 1286 ‘
1841 1258 2054 1315 Agentiiim
2078 1262 2118 1302 in
2139 1276 2199 1303 re-

1333 1312 1439 1362 bus,'
1462 1317 1554 1356 136.

1389 1371 1548 1410 Secedit
1577 1371 1617 1411 in
1646 1371 1820 1416 hortum,
1851 1378 2042 1425 sequente
2069 1371 2198 1426 ipsum

1335 1423 1501 1480 Alypio,
1527 1428 1618 1467 138.
1653 1426 1824 1481 Spiritus
1851 1434 1892 1467 et
1921 1428 2052 1468 carnis
2079 1428 2123 1467 in
2153 1442 2201 1469 eo

1333 1478 1569 1530 luctamina,
1606 1483 1699 1523 141.
1753 1483 1844 1523 Nec
1874 1483 1993 1537 plene
2026 1484 2200 1531 volebat,

1334 1548 1408 1576 nec
1427 1537 1545 1590 plene
1566 1539 1730 1579 nolebat
1749 1538 1941 1583 converti,
1960 1539 2050 1579 ideo
2064 1552 2201 1579 secum

1332 1594 1616 1642 contendebat,
1643 1594 1734 1635 139.
1794 1594 1893 1634 Plus
1910 1594 1952 1634 in
1972 1608 2020 1635 eo
2040 1596 2203 1635 valebat

1333 1647 1508 1690 deterius
1525 1648 1729 1697 inolitum,
1749 1663 1871 1704 quam
1899 1651 2042 1691 melius
2061 1651 2196 1691 insoli-

1334 1709 1437 1752 tum,
1462 1706 1554 1745 141.

1392 1759 1459 1799 Ab
1480 1759 1629 1814 Alypio
1649 1759 1862 1815 paululum
1884 1760 2048 1808 secedit,
2069 1769 2108 1801 et
2124 1762 2198 1802 sub

1335 1813 1413 1854 ficu
1434 1829 1475 1856 se
1490 1824 1683 1860 sternens,
1697 1815 1776 1855 vim
1795 1815 2091 1869 lachrymarum
2109 1831 2201 1871 pro·

1333 1869 1530 1918 fundit,ac
1543 1870 1623 1911 Dei
1633 1871 1939 1912 misericordiam
1950 1871 2202 1926 deprecatur,

1340 1927 1430 1967 142.
1472 1926 1595 1967 Vocis
1611 1926 1817 1967 admonitu
1828 1926 1926 1979 legit
1942 1927 2197 1981 Apostolum,

1337 1982 1487 2033 (Rom.
1513 1984 1578 2029 13,
1603 1984 1666 2024 13.
1692 1983 1781 2034 14.)
1801 1990 1841 2022 et
1866 1990 1973 2022 totus
2004 1984 2198 2024 converti-

1337 2039 1524 2085 tur,l43.
1559 2038 1970 2084 Indicatmatri,l44.
2005 2040 2200 2080 Caelibem

1339 2093 1460 2133 vitam
1492 2094 1760 2149 amplectitur,
1798 2093 1956 2148 abjecta
1988 2095 2095 2135 omni
2130 2110 2201 2150 spe

1335 2149 1491 2198 saeculi,
1510 2149 1568 2190 ib.

1391 2205 1586 2244 Deserere
1607 2203 1888 2258 professionem
1906 2203 2121 2244 rhetorices
2134 2219 2200 2244 us-

1334 2273 1412 2312 que
1435 2260 1486 2299 ad
1505 2259 1768 2300 vindemiales
1792 2259 1910 2300 ferias
1937 2260 2086 2305 differt,
2109 2262 2201 2302 146.

1333 2328 1455 2368 quam
1490 2314 1819 2369 paucissimorum
1850 2315 2004 2354 dierum
2035 2315 2197 2356 dilatio-

1334 2384 1423 2410 nem
1466 2377 1651 2419 excusat,
1690 2371 1743 2412 ib.
1797 2383 2042 2423 quamquam
2093 2372 2200 2412 haud

1336 2425 1460 2480 culpa
1479 2439 1644 2467 vacasse
1664 2439 1744 2465 non
1765 2426 1971 2473 diffitetur,
1999 2427 2091 2466 147.

1390 2483 1547 2522 Munus
1558 2482 1729 2522 docendi
1747 2482 1909 2522 tandem
1926 2481 2087 2529 deserit,
2108 2483 2201 2523 149.

1335 2545 1501 2590 cogente
1530 2538 1691 2592 quidem
1720 2538 1860 2578 dolore
1890 2538 2074 2591 pectoris,
2107 2540 2200 2578 147.

1337 2594 1406 2632 sed
1427 2594 1555 2646 magis
1583 2593 1783 2634 alliciente
1805 2593 1995 2633 desiderio
2028 2593 2200 2634 vacandi

1339 2650 1447 2696 Deo,
1467 2648 1522 2689 ib.
1542 2656 1584 2690 et
1603 2663 1642 2688 n.

1393 2703 1599 2744 Feriarum
1611 2703 1907 2744 vindemialium
1922 2709 1999 2743 tem
2006 2716 2100 2756 pore
2111 2703 2201 2757 (i.e.

1338 2759 1410 2799 cir.
1443 2760 1513 2799 fin.
1544 2759 1690 2800 mensis
1729 2760 1838 2812 Aug.
1873 2758 1938 2798 vel
1969 2759 2058 2798 init.
2090 2760 2199 2813 Sept.

1336 2815 1452 2856 A.D.
1474 2816 1594 2866 386.)
1625 2816 1666 2855 in
1684 2814 1917 2855 Verecundi
1937 2814 2078 2853 villain
2101 2815 2201 2855 Cas-

1335 2870 1526 2911 siciacum
1549 2871 1699 2912 secedit
1715 2884 1808 2910 cum
1829 2870 1924 2917 suis,
1952 2872 2043 2910 149.

1390 2926 1651 2967 Ambrosium
1671 2939 1740 2981 per
1757 2927 1907 2965 litteras
1920 2925 2092 2964 consulit
2105 2924 2201 2976 quid

1333 2981 1579 3034 potissimum
1617 2982 1667 3022 de
1707 2980 1924 3035 Scripturis
1955 2980 2030 3019 sibi
2066 2980 2200 3032 legen-

1334 3035 1430 3075 dum
1471 3039 1537 3083 sit,
1574 3044 1618 3077 ut
1657 3037 1707 3076 ad
1744 3036 1983 3090 baptismum
2012 3049 2053 3075 se
2083 3035 2200 3088 digne

1333 3099 1553 3147 comparet,
1579 3093 1672 3133 153.
1703 3091 1852 3131 Isaiam
1872 3091 2004 3144 legere
2021 3090 2201 3144 jubetur,

1334 3146 1388 3186 ib.

1391 3201 1533 3241 Libros
1565 3201 1716 3254 aliquot
1747 3201 1802 3242 ibi
1836 3199 2063 3248 conscribit,
2084 3207 2124 3241 et
2149 3201 2201 3239 ad

1336 3256 1574 3298 Nebridium
1595 3256 1797 3311 epistolas,
1822 3257 1915 3304 149,
1944 3257 2036 3295 150.

1389 3312 1471 3353 AEt.
1497 3328 1562 3352 an.
1582 3311 1725 3352 xxxiii.

1390 3367 1645 3408 Recitatione
1673 3366 1917 3422 psalmorum
1945 3366 2201 3406 vehementer

1332 3423 1519 3470 afficitur,
1550 3423 1879 3464 catechumenus
1910 3421 1953 3460 in
1981 3421 2079 3461 villa
2107 3434 2197 3461 cum

1332 3478 1638 3519 Catechumeno
1658 3477 1808 3532 Alypio
1826 3477 2003 3522 feriatus,
2025 3478 2118 3517 150.

1392 3534 1596 3574 Psalmum
1632 3540 1820 3587 quartum
1870 3532 2089 3572 meditatur
2128 3531 2199 3570 ad-

1331 3600 1467 3630 versus
1500 3589 1754 3630 Manichaeos
1788 3587 1852 3643 pie
1885 3588 2199 3635 excandescens,

1340 3646 1420 3685 150
1437 3659 1455 3686 s
1515 3672 1526 3683 .

1391 3658 1543 3741 vellii-e
1558 3698 1738 3740 dentium
1760 3697 1952 3738 acerrimo
1982 3694 2196 3738 cruciatur,

1341 3756 1430 3796 153.
1467 3756 1569 3796 Orat
1588 3768 1680 3796 cum
1699 3754 1780 3794 suis
1798 3759 1838 3794 et
1852 3752 1966 3794 dolor
1980 3751 2095 3806 fugit,
2112 3748 2169 3789 ib.
