2378 4134
508 265 1113 324 CONFESSIONUM
1150 262 1391 317 LIBER
1428 261 1525 312 IV.
1876 257 1945 308 57

104 405 270 458 libros
307 401 374 456 de
409 401 644 455 Pulchro
681 407 736 454 et
771 402 943 469 Apto;
996 402 1149 467 put0‚
1187 394 1323 447 duos
1360 397 1454 445 aut
1487 396 1609 442 tres.
1698 387 1787 440 Tu
1823 386 1948 450 scis,

107 491 283 542 Deus:
321 505 447 539 nam
471 484 677 538 excidit
698 486 850 538 mihi.
926 484 1053 536 Non
1077 481 1221 535 enim
1250 479 1515 531 habemus
1550 490 1669 535 eos;
1722 470 1818 524 sed
1855 473 1948 524 ab·

107 581 406 628 erraverunt
429 591 461 624 a
482 571 660 635 nobiS,
682 571 866 624 nescio
892 566 1178 639 quomod0.

179 663 264 711 21.
304 656 451 717 Quid
486 663 567 708 est
603 664 778 709 autem
816 654 965 725 quod
994 671 1081 705 me
1113 650 1296 713 movit,
1326 646 1560 700 Domine
1594 645 1750 696 Deus
1782 659 1950 707 meus,
1996 651 2118 713 my.

108 753 168 798 ut
190 743 259 797 ad
285 740 568 796 Hierium*
589 743 848 794 Romanae
873 739 1020 791 urbis
1046 745 1303 790 oratorem
1325 733 1607 786 scriberem
1630 730 1752 781 illos
1767 727 1953 792 libros,
1969 706 2080 813 ἓξὲξ
2094 706 2148 799 ἐξ

110 847 267 900 quem
292 846 402 879 non
426 844 675 878 noveram
699 825 855 889 facie,
882 823 976 876 sed
1001 839 1300 875 amaveram
1323 818 1599 871 hominem
1614 833 1685 867 ex
1700 813 1954 865 doctrinae
1973 813 2144 907 ἓῗὲξίὴᾶο

108 917 249 968 fama
285 932 405 983 quae
444 912 523 963 illi
561 913 702 964 clara
739 918 867 975 erat,
907 917 962 961 et
999 907 1243 978 quaedam
1291 906 1455 956 verba
1502 902 1617 973 ejus
1667 899 1956 962 audieram,
1974 935 2125 962 nuncu-

111 1007 164 1052 et
186 1000 499 1068 placuerant
522 995 685 1048 mihi?
764 995 873 1048 Sed
897 994 1070 1060 magis
1097 992 1226 1062 quia
1249 991 1502 1061 placebat
1530 987 1667 1050 aliis,
1694 992 1747 1038 et
1774 976 2095 1071 effere-&¹221-e

110 1088 241 1138 bant
276 1103 398 1136 eum
432 1083 702 1147 laudibus,
741 1090 1015 1152 stupentes
1067 1079 1213 1150 quod
1251 1097 1321 1130 ex
1357 1075 1576 1128 homine
1620 1091 1760 1143 sym,
1799 1072 1958 1124 docto
1974 1086 2080 1125 hune

111 1171 258 1239 prius
278 1171 484 1222 Graecae
509 1168 990 1236 facundiae,postea
1004 1166 1062 1217 in
1082 1166 1278 1217 Latina
1294 1163 1455 1214 etiam
1472 1156 1679 1213 dictor*
1698 1158 1960 1210 mirabilis
1976 1152 2133 1236 mave-

113 1256 422 1318 exstitisset,
450 1262 502 1306 et
527 1262 667 1306 esset
691 1252 1076 1305 scientissimus
1101 1268 1275 1302 rerum
1309 1248 1378 1300 ad
1412 1247 1647 1298 studium
1681 1244 1959 1316 sapientiae

112 1340 508 1410 pertinentium,
556 1339 689 1389 mihi
737 1339 1000 1407 placebat.
1102 1334 1378 1387 Laudatur
1425 1333 1606 1395 hom0,
1655 1339 1708 1383 et
1756 1337 1963 1382 amatur

114 1429 322 1479 absens.
401 1428 717 1478 Utrumnam
754 1425 820 1476 ab
855 1442 944 1475 ore
979 1420 1248 1474 laudantis
1282 1421 1444 1471 intrat
1478 1418 1535 1468 in
1572 1435 1663 1470 cor
1695 1415 1962 1468 audientis

115 1530 262 1564 amor
307 1510 428 1562 ille?
520 1510 700 1561 Absit:
766 1508 861 1560 sed
909 1526 979 1560 ex
1030 1512 1239 1558 amante
1290 1505 1394 1556 alio
1446 1502 1756 1556 accenditur
1806 1500 1958 1552 alius,

116 1597 263 1648 Hinc
298 1597 439 1647 enim
477 1604 681 1647 amatur
718 1594 811 1663 qui
842 1593 1105 1656 laudatur,
1132 1591 1258 1642 dum
1294 1608 1406 1641 non
1440 1588 1619 1640 fallaci
1654 1587 1813 1640 corde
1845 1588 1960 1638 lau-

115 1681 312 1732 datoris
335 1680 614 1749 praedicari
642 1679 870 1731 creditur
880 1698 893 1741 3
933 1678 990 1729 id
1016 1686 1112 1741 est,
1140 1695 1262 1728 curn
1289 1693 1474 1727 amans
1500 1693 1622 1726 eum
1645 1673 1846 1725 laudat.

187 1773 272 1818 22.
314 1768 402 1819 Sic
430 1767 571 1819 enim
603 1775 729 1818 tunc
764 1767 1008 1818 amabam
1036 1765 1284 1816 homines
1318 1781 1388 1814 ex
1419 1762 1698 1813 hominum
1723 1761 1960 1830 judici03

115 1872 224 1905 non
262 1855 403 1906 enim
441 1872 510 1905 ex
548 1861 659 1917 tuo,
704 1854 858 1904 Deus
899 1870 1068 1915 meus,
1106 1851 1162 1901 in
1202 1869 1308 1920 quo
1346 1869 1504 1902 nemo
1542 1849 1759 1901 fallitur.
1855 1847 1965 1900 Sed

117 1946 312 2003 tamen,
352 1957 444 1990 cur
492 1957 601 1990 non
651 1939 789 1991 sicut
838 1938 1023 2005 auriga
1069 1937 1285 2001 nobilis,
1324 1937 1464 1988 sicut
1512 1944 1731 1986 venator
1773 1934 1964 1986 studiis

117 2026 466 2094 popularibus
504 2026 832 2089 diffamatus3
890 2024 985 2077 sed
1020 2026 1181 2091 longe
1220 2024 1371 2076 aliter
1413 2031 1466 2075 et
1509 2022 1753 2090 graviter,
1793 2028 1846 2073 et
1887 2021 1965 2072 ita

119 2110 563 2179 quemadmodum
590 2118 644 2162 et
666 2129 751 2162 me
775 2109 979 2162 laudari
1005 2109 1226 2161 vellem?
1306 2111 1434 2160 Non
1460 2117 1638 2160 autem
1663 2109 1854 2159 vellem
1889 2108 1967 2158 ita

117 2196 319 2248 laudari
360 2204 413 2248 et
455 2197 620 2248 amari
662 2214 764 2260 me,
803 2204 863 2247 ut
900 2196 1213 2258 histriones;
1272 2213 1581 2264 quanquam
1626 2211 1719 2245 eos
1759 2200 1813 2244 et
1850 2193 1966 2262 ipse

118 2280 388 2332 laudarem
415 2290 467 2333 et
491 2299 743 2332 amarem:
785 2281 881 2332 sed
906 2282 1109 2348 eligens
1133 2282 1314 2344 latere,
1343 2299 1504 2350 quam
1529 2281 1604 2332 ita
1627 2287 1787 2330 notus
1822 2297 1966 2342 esse;

121 2371 175 2416 et
204 2366 287 2416 vel
321 2366 507 2417 haberi
538 2365 680 2429 odio,
717 2384 877 2434 quam
916 2366 992 2418 sic
1030 2366 1210 2417 amari.
1288 2366 1401 2418 Ubi
1439 2365 1830 2416 distribuuntur
1864 2365 1969 2415 ista

121 2449 357 2517 pondera
406 2450 668 2501 variorum
717 2457 771 2501 et
820 2450 1144 2502 diversorum
1195 2469 1432 2502 amorum
1482 2451 1538 2500 in
1589 2450 1767 2501 anima
1822 2448 1965 2501 una?

124 2533 268 2592 Quid
294 2541 375 2585 est
399 2534 543 2603 quod
578 2553 697 2586 amo
725 2535 783 2585 in
816 2535 940 2598 alio,
967 2534 1114 2603 quod
1148 2553 1345 2597 rursus,
1371 2534 1476 2586 nisi
1515 2534 1765 2598 odissem,
1791 2553 1900 2586 non
1939 2553 1971 2586 a

125 2636 208 2669 me
242 2618 527 2670 detestarer
552 2626 605 2670 et
628 2620 953 2686 repellerem,
981 2637 1102 2670 cum
1139 2620 1208 2670 sit
1243 2627 1466 2688 uterque
1495 2626 1734 2670 nostrum
1767 2618 1968 2671 homo?

127 2704 253 2754 Non
293 2703 451 2767 enim,
482 2703 620 2755 sicut
656 2721 826 2772 equus
862 2705 1038 2755 bonus
1077 2711 1283 2755 amatur
1320 2706 1386 2756 ab
1427 2723 1491 2755 eo
1531 2705 1621 2773 qui
1662 2705 1830 2756 nollet
1866 2705 1971 2757 hoc

127 2806 260 2851 esse,
288 2789 446 2840 etiam
485 2789 529 2839 si
565 2795 748 2857 posset
760 2809 773 2851 3
811 2789 915 2840 hoc
949 2796 1003 2840 et
1036 2788 1101 2839 de
1134 2789 1393 2840 histrione
1433 2790 1720 2841 dicendmn
1754 2798 1850 2854 est,
1879 2790 1972 2860 qui

126 2880 326 2925 naturae
351 2881 544 2925 nostrae
572 2874 750 2924 socius
775 2881 870 2924 est.
944 2874 1161 2940 Ergone
1197 2892 1316 2925 amo
1350 2874 1406 2924 in
1443 2875 1659 2927 homine
1700 2874 1846 2944 quod
1884 2875 1974 2926 odi

128 2976 261 3024 esse,
299 2978 420 3011 cum
459 2959 558 3010 sim
595 2957 787 3010 homo?
865 2958 1083 3010 Grande
1121 2959 1443 3027 profundum
1495 2967 1576 3011 est
1622 2961 1741 3029 ipse
1791 2961 1973 3024 homo,

129 3045 284 3113 cujus
320 3046 481 3097 etiam
518 3048 739 3111 capillos
787 3052 862 3108 tu,
901 3045 1152 3110 Domine,
1190 3053 1500 3097 numeratos
1545 3047 1734 3109 habes,
1773 3054 1826 3098 et
1864 3065 1974 3098 non
1990 3067 2175 3114 Mat.lo‚

130 3128 437 3181 minuuntur
484 3131 541 3182 in
578 3138 652 3182 te:
717 3137 770 3181 et
805 3138 982 3181 tamen
1021 3130 1203 3198 capilli
1242 3129 1356 3199 ejus
1393 3131 1566 3197 magis
1615 3132 1975 3183 numerabiles
1990 3121 2059 3160 30.

134 3220 273 3275 sunt,
299 3233 457 3282 quam
484 3218 705 3267 affectus
730 3215 861 3286 ejus,
888 3223 941 3267 et
965 3223 1142 3266 motus
1169 3215 1344 3267 cordis
1371 3215 1501 3284 ejus.

205 3303 290 3350 23.
329 3301 400 3351 At
422 3301 512 3351 ille
535 3302 713 3353 rhetor
737 3320 807 3353 ex
834 3321 896 3354 eo
932 3311 1044 3354 erat
1080 3321 1289 3370 genere,
1318 3321 1476 3371 quem
1511 3303 1588 3355 sic
1627 3305 1890 3365 amabam,
1915 3309 1976 3354 ut

134 3385 324 3437 vellem
359 3404 443 3437 me
480 3405 595 3440 esse
632 3389 816 3451 talem3
870 3396 924 3441 et
965 3391 1202 3441 errabam
1239 3391 1429 3458 typho,
1468 3397 1522 3441 et
1557 3389 1978 3457 circumferebar
1994 3406 2096 3458 Eph.
2119 3407 2160 3453 4,

134 3471 280 3520 omni
314 3477 482 3533 venta,
518 3479 571 3523 et
605 3473 765 3524 nimis
802 3475 1010 3526 occulte
1062 3475 1396 3540 gubernabar
1433 3476 1529 3526 abs
1567 3483 1634 3525 te.
1725 3477 1800 3526 Et
1837 3475 1977 3527 unde
1996 3462 2062 3501 14.

137 3554 267 3617 sci0,
295 3563 348 3605 et
377 3554 518 3606 unde
551 3563 724 3608 certus
761 3559 1020 3610 confiteor
1050 3558 1152 3609 tibi
1191 3558 1337 3627 quod
1373 3559 1526 3610 illum
1557 3559 1616 3610 in
1649 3578 1826 3612 amore
1863 3562 1978 3612 lau-

137 3639 377 3691 dantium
428 3640 599 3707 magis
647 3659 961 3704 amaveram,
1001 3661 1161 3712 quam
1199 3643 1256 3693 in
1294 3644 1453 3694 rebus
1494 3644 1629 3712 ipsis
1672 3644 1738 3696 de
1784 3646 1981 3715 quibus

137 3724 482 3777 laudabatur?
560 3725 701 3785 Quia
731 3727 776 3778 si
811 3745 918 3779 non
953 3726 1229 3780 laudatum
1264 3728 1623 3796 vituperarent
1655 3749 1775 3783 eum
1818 3731 1981 3785 iidem
