2378 4134
734 892 987 954 LIBER
1031 887 1454 952 OCTAVUS.

179 1061 295 1104 Vitae
330 1060 467 1117 ipsius
501 1066 672 1117 partem
705 1060 885 1117 attingit
917 1059 1268 1110 celeberrimam,
1291 1072 1455 1101 annum
1480 1055 1626 1099 aetatis
1649 1052 1932 1112 trigesimum
1955 1066 2022 1094 se-

232 1136 439 1186 cundum,
457 1148 543 1190 quo
565 1149 724 1191 nempe
746 1149 846 1177 cum
862 1133 1200 1189 Simplicianum
1214 1131 1526 1181 consuluisset,
1549 1130 1700 1172 audita
1721 1129 1775 1171 ab
1797 1143 1849 1170 eo
1871 1128 2023 1170 Victo-

233 1208 317 1249 rini
339 1206 640 1256 conversione,
662 1206 718 1247 ad
739 1205 1002 1246 imitandum
1024 1205 1206 1247 exarsit.
1269 1205 1384 1246 Tum
1406 1217 1528 1254 vero,
1551 1202 1605 1243 iis
1629 1213 1728 1257 quae
1751 1202 1804 1243 de
1826 1200 2022 1243 Antonio

231 1278 444 1334 AEgyptio
476 1278 692 1319 monacho
723 1283 769 1318 et
800 1277 986 1318 duorum
1017 1276 1261 1319 aulicorum
1297 1275 1587 1319 conversione
1618 1288 1644 1315 a
1674 1273 1927 1315 Pontitiano
1959 1272 2024 1314 di-

233 1352 355 1402 dicit,
378 1351 519 1407 magis
547 1351 778 1407 magisque
809 1364 1038 1402 accensus,
1062 1358 1164 1406 post
1184 1351 1493 1392 vehementem
1515 1348 1681 1390 luctam
1703 1347 1820 1388 inter
1842 1361 2024 1388 carnem

234 1429 279 1465 et
320 1422 540 1479 spiritum,
577 1423 775 1464 codicem
815 1421 1020 1478 Apostoli
1063 1422 1235 1464 coelesti
1277 1421 1530 1463 admonitus
1575 1418 1755 1461 oraculo
1797 1418 2022 1475 inspexit3

231 1495 430 1549 lectoque
471 1494 543 1549 qui
587 1494 671 1550 ipsi
714 1493 882 1550 primus
924 1493 1117 1535 occurrit
1158 1493 1393 1544 versiculo,
1436 1491 1617 1534 omnino
1659 1487 1936 1542 immutafur,
1979 1495 2024 1532 et

231 1567 419 1622 diruptis
440 1566 734 1622 cupiditatum
755 1565 941 1607 vinculis
963 1571 1083 1607 totus
1105 1566 1160 1607 ad
1184 1567 1328 1607 Deum
1353 1564 1641 1608 convertitur.

250 1714 292 1761 1.
332 1711 482 1761 Deus
520 1727 688 1773 mem,
714 1710 960 1763 recorder
996 1712 1052 1762 in
1093 1712 1380 1778 gratiarum
1419 1710 1630 1762 actione
1670 1708 1788 1773 tibi,
1815 1715 1869 1760 et
1896 1726 2021 1760 con·
2113 1720 2151 1781 Ι..

174 1797 322 1847 fitear
356 1796 742 1848 misericordias
781 1804 900 1848 tuas
939 1815 1099 1866 super
1134 1816 1234 1848 me.
1313 1796 1705 1848 perfundantur
1743 1811 1866 1845 ossa
1903 1811 2025 1844 mea
2039 1774 2181 1867 ῗὶῗέω

175 1880 458 1932 dilectione
484 1879 628 1944 tua*‚
654 1889 707 1932 et
733 1883 953 1933 dicant:
1000 1884 1250 1945 Domine,
1278 1884 1399 1950 quis
1424 1883 1618 1932 similis
1646 1880 1744 1930 tibi
1767 1876 1794 1927 52
1849 1880 2023 1929 Dira-
2040 1883 2181 1944 fneljus

163 1966 302 2029 pisti
336 1966 547 2015 vincula
583 1983 720 2029 mea,
752 1968 1054 2034 sacrificem
1094 1966 1193 2017 tibi
1226 1967 1563 2033 sacrificium
1601 1965 1798 2016 laudis.
1877 1963 2023 2021 Quo·
2038 1945 2198 2030 fflffidae

171 2046 329 2097 modo
356 2047 602 2116 dirupisti
630 2067 710 2112 ea,
735 2052 958 2101 narrabo
981 2069 994 2112 ;
1047 2058 1100 2102 et
1126 2050 1307 2102 dicent
1344 2067 1529 2100 omnes
1569 2049 1663 2117 qui
1702 2048 1926 2100 adorant
1950 2052 2020 2110 te,
2040 2044 2092 2137 ³3¹,
2111 2046 2213 2107 sim-

171 2149 291 2182 cum
330 2132 552 2184 audiunt
584 2133 735 2186 haec:
789 2135 1117 2187 Benedictus
1144 2134 1411 2186 Dominus
1435 2134 1492 2184 in
1521 2134 1657 2185 coelo
1687 2141 1741 2184 et
1765 2133 1822 2183 in
1847 2140 1985 2183 terra
2006 2150 2018 2194 3
2039 2112 2206 2194 Eu'ffi'oe

170 2234 420 2284 magnum
470 2227 522 2270 et
570 2219 810 2272 mirabile
859 2239 1055 2272 nomen
1106 2219 1236 2289 ejus.
1329 2219 1664 2271 Inhaeserant
1710 2217 2022 2287 praecordiis
2037 2209 2188 2303 ῗξὲῑῑὲῑὲ·

170 2302 301 2352 meis
338 2304 497 2354 verba
535 2313 641 2366 tua,
668 2312 721 2356 et
755 2306 995 2374 medique
1027 2303 1480 2356 circumvallabar
1516 2303 1609 2354 abs
1643 2309 1710 2354 te.
1787 2303 1872 2354 De
1911 2303 2021 2353 vita
2043 2292 2108 2356 10:
2183 2293 2194 2309 ⁹

170 2394 261 2438 tua
301 2396 494 2439 aeterna
533 2397 707 2440 certus
745 2407 917 2441 eram:
961 2388 1205 2458 quamvis
1243 2406 1360 2439 eam
1387 2391 1445 2439 in
1472 2390 1760 2455 oeniymate
1785 2395 1837 2439 et
1862 2390 2020 2456 quasi
2038 2370 2105 2463 {³7⁵
2130 2372 2222 2417 115,

160 2488 264 2535 per
299 2473 570 2537 speculam
609 2474 848 2525 videram
867 2495 884 2530 ,·
927 2473 1192 2525 dubitatio
1233 2480 1407 2524 tamen
1447 2472 1621 2523 omnis
1649 2472 1714 2523 de
1739 2473 2017 2540 incorrup-
2036 2477 2115 2517 Job
2139 2480 2176 2524 l.

170 2555 309 2605 tibili
347 2557 659 2620 substantia,
687 2557 831 2625 quod
869 2559 935 2609 ab
974 2558 1067 2608 illa
1104 2564 1245 2609 esset
1282 2557 1455 2608 omnis
1495 2557 1811 2620 substantia,
1839 2558 2019 2609 ablata
2039 2533 2175 2626 ἷοροῐ,

170 2639 301 2690 mihi
327 2647 460 2691 erat:
501 2659 598 2693 nec
627 2643 818 2693 certior
843 2641 908 2692 de
934 2648 1004 2703 te,
1026 2641 1120 2693 sed
1146 2641 1387 2692 stabilior
1410 2641 1465 2691 in
1492 2648 1543 2692 te
1571 2659 1687 2692 esse
1715 2638 2015 2710 cupiebam.
2040 2641 2102 2688 13,
2128 2643 2193 2680 12.

172 2725 256 2774 De
282 2743 399 2776 mea
433 2743 554 2777 vero
593 2726 867 2795 temporali
900 2727 1009 2778 vita
1041 2727 1304 2778 nutabant
1338 2727 1533 2790 omnia,
1561 2734 1614 2778 et
1638 2728 2015 2779 mecndandum
2036 2739 2098 2778 lb.
2118 2741 2158 2784 -5,
2180 2741 2220 2780 7.

169 2816 287 2859 erat
322 2827 410 2860 cor
442 2829 476 2860 a
495 2812 772 2878 fermento
806 2812 973 2862 veteri
988 2829 1008 2870 ;
1054 2818 1107 2862 et
1130 2812 1381 2879 placebat
1414 2811 1501 2862 via
1533 2811 1650 2879 ipse
1677 2812 1936 2876 Salvator,
1964 2821 2018 2865 et

167 2892 242 2943 ire
267 2911 361 2961 per
385 2893 428 2962 ej
439 2912 499 2944 us
526 2894 798 2960 angustias
824 2894 998 2946 adhuc
1027 2894 1261 2962 pigebat.
1314 2895 1390 2945 Et
1407 2895 1676 2946 immisisti
1701 2896 1758 2948 in
1783 2905 2016 2948 mentem

169 2994 356 3040 meam,
398 2978 675 3047 visumque
719 2986 797 3030 est
837 2980 1039 3030 bonum
1083 2979 1139 3029 in
1184 2987 1478 3046 conspectu
1519 2998 1638 3030 meo
1680 2998 1900 3048 pergere
1947 2982 2015 3034 ad

171 3060 576 3129 Simplicianum
628 3063 720 3132 qui
770 3063 902 3114 mihi
960 3065 1134 3114 bonus
1195 3066 1489 3131 apparebat
1540 3082 1721 3116 servus
1770 3075 1912 3131 tuus„
1965 3075 2018 3118 et

169 3145 383 3196 lucebat
407 3147 461 3196 in
487 3165 549 3198 eo
583 3148 749 3214 gratia
783 3157 887 3200 tua.
963 3147 1247 3200 Audieram
1287 3150 1447 3201 etiam
1487 3149 1634 3219 quod
1673 3170 1705 3202 a
1733 3150 2015 3218 juventute

172 3245 266 3278 sua
291 3227 625 3282 devotissime
652 3232 751 3283 tibi
778 3233 1006 3283 viveret:
1038 3232 1152 3301 jam
1179 3250 1300 3283 vero
1327 3240 1455 3285 tunc
1484 3242 1746 3297 senuerat,
1775 3242 1829 3287 et
1852 3236 2017 3300 longa

173 3319 324 3362 aetate
362 3314 417 3363 in
456 3323 561 3366 tam
598 3317 740 3367 bono
767 3317 942 3369 studio
972 3317 1239 3368 sectandae
1268 3318 1366 3368 viae
1394 3327 1518 3383 tuae,
1543 3321 1712 3370 multa
1737 3327 2012 3387 expertus,

171 3395 337 3446 multa
370 3395 587 3448 edoctus
622 3400 753 3451 mihi
792 3399 1101 3462 videbatur;
1159 3406 1213 3450 et
1238 3418 1357 3451 vere
1384 3401 1460 3453 sic
1488 3410 1613 3453 erat.
1693 3402 1853 3454 Unde
1880 3404 2012 3454 mihi

173 3487 232 3527 ut
255 3479 508 3545 proferret
531 3482 789 3546 volebam,
815 3485 1107 3535 conferenti
1141 3502 1320 3536 secum
1348 3494 1509 3536 aestus
1532 3504 1698 3550 meOS,
1726 3487 1847 3555 quis
1873 3496 2014 3539 esset

174 3570 329 3630 aptus
362 3563 552 3617 modus
590 3565 666 3618 sic
705 3569 912 3631 affectO,
938 3574 996 3620 ut
1021 3586 1122 3634 ego
1149 3586 1308 3632 cram,
1335 3568 1405 3620 ad
1437 3571 1817 3623 ambulandum
1844 3572 1900 3624 in
1926 3574 2012 3625 via

174 3652 278 3696 tua.
