2378 4134
227 1403 308 1444 IV.

173 1458 333 1498 Doctri-

172 1526 264 1554 nam
282 1518 360 1555 Ec-

171 1570 306 1611 clesiae

170 1628 343 1667 Ambro-

170 1684 229 1724 sio
249 1697 344 1723 con-

169 1740 258 1780 cion
266 1748 358 1781 ante

172 1794 320 1835 intelli-

164 1851 237 1904 git.

152 3338 177 3375 2
194 3338 284 3377 Cor.
301 3340 342 3385 3,

395 207 464 257 86
871 206 927 260 S.
968 208 1414 263 AUGUSTINI
1453 210 1814 266 EPISCOPI

391 337 628 406 intelligi
665 343 728 392 ut
763 339 991 395 humani
1030 344 1276 414 corporis
1313 343 1488 398 forma
1525 351 1578 399 te
1616 346 1963 400 temiinatum
2007 346 2290 403 crederent

393 430 559 496 atque
591 427 927 496 cogitarent:
969 449 1287 502 quanquam
1320 431 1599 503 quomodo
1631 452 1690 486 se
1728 434 1955 487 haberet
1990 434 2288 504 spiritualis

393 513 717 581 substantia,
743 534 813 569 ne
839 517 1064 587 quidem
1088 518 1325 571 tenuiter
1349 527 1512 590 atque
1537 519 1596 572 in
1623 520 1912 589 aenigmate
1939 522 2261 591 suspicabar
2270 544 2286 588 ;

390 607 575 654 tamen
608 602 854 670 gaudens
881 606 1075 658 erubui
1098 625 1211 660 non
1237 625 1324 658 me
1349 613 1432 660 tot
1456 625 1630 660 annos
1664 607 1922 662 adversus
1957 609 2286 663 catholicam

389 687 576 754 fidem,
612 690 708 743 sed
746 699 937 745 contra
973 693 1273 746 carnalium
1311 693 1707 762 cogitationum
1740 695 2008 764 figmenta
2042 697 2284 750 latrasse.

389 778 479 829 Eo
507 778 715 848 quippe
747 781 1062 833 temerarius
1093 787 1148 833 et
1182 780 1389 851 impius
1418 781 1644 846 fueram,
1672 781 1823 853 quod
1860 801 1926 835 ea
1958 802 2082 853 quae
2121 782 2285 838 debe-

387 866 517 918 bam
552 867 848 936 quaerendo
885 865 1101 922 dicere*
1134 868 1447 922 accusando
1477 868 1742 922 dixeram.
1821 871 1910 923 Tu
1942 871 2107 935 enim,
2136 870 2283 924 altis-

389 953 523 1005 sime
554 961 609 1006 et
640 955 911 1023 proxime,
947 956 1312 1009 secretissime
1353 962 1408 1009 et
1439 957 1882 1026 praesentissime,
1918 959 2009 1010 cui
2042 959 2286 1012 membra

385 1059 497 1092 non
529 1049 656 1094 sunt
686 1043 794 1095 alia
829 1043 1036 1115 majora
1070 1051 1124 1096 et
1154 1044 1263 1097 alia
1295 1044 1525 1111 minora,
1566 1044 1663 1098 sed
1696 1046 1903 1116 ubique
1943 1052 2089 1099 totus
2128 1065 2203 1112 eS,
2231 1054 2285 1100 et

381 1147 657 1199 nusquam
694 1131 939 1183 locorum
979 1149 1072 1196 es3
1124 1150 1237 1184 non
1276 1150 1335 1184 es
1374 1132 1566 1203 utique
1612 1131 1785 1186 forma
1830 1133 1940 1186 ista
1988 1152 2280 1204 corporea:

382 1222 565 1269 tamen
584 1218 787 1287 fecisti
824 1220 1098 1272 hominem
1138 1221 1216 1272 ad
1251 1222 1553 1288 imaqz'nem
1595 1227 1750 1273 tecam
1771 1243 1790 1279 ‚·
1848 1228 1903 1274 et
1932 1240 2061 1275 ecce
2094 1223 2214 1292 ipse
2251 1242 2284 1276 a

381 1306 562 1375 capite
588 1325 764 1377 usque
792 1306 862 1359 ad
886 1307 1057 1377 pedes
1083 1307 1141 1359 in
1168 1309 1291 1361 loco
1320 1315 1418 1361 est.

457 1399 505 1446 5.
550 1394 692 1447 Cum
719 1413 848 1463 ergo
874 1396 1142 1448 nescirem
1160 1396 1438 1467 quomodo
1465 1397 1584 1449 haec
1615 1396 1937 1449 subsisteret
1960 1397 2143 1465 imago
2169 1403 2281 1464 tua,

378 1479 642 1551 pulsans*
674 1501 1037 1552 proponerem
1077 1483 1354 1554 quomodo
1395 1484 1728 1537 credendum
1767 1491 1930 1549 esset,
1956 1502 2069 1535 non
2108 1485 2279 1536 insul-

377 1576 499 1622 tans
529 1589 862 1640 opponerem
903 1572 1063 1641 quasi
1100 1571 1179 1624 ita
1213 1571 1479 1624 creditum
1517 1578 1692 1624 esset:
1734 1578 1886 1624 tanto
1913 1572 2082 1640 igitur
2107 1572 2281 1625 acrior

376 1676 506 1710 cura
531 1658 760 1711 rodebat
784 1658 977 1711 intima
996 1678 1118 1712 mea
1137 1659 1272 1730 quid
1292 1660 1425 1712 certi
1445 1660 1747 1723 retinerem,
1771 1668 1976 1730 quanto
1998 1679 2084 1712 me
2101 1661 2279 1728 magis

373 1744 620 1814 pudebat
647 1752 757 1798 tam
786 1745 882 1797 diu
916 1746 1139 1799 illusum
1175 1754 1230 1799 et
1263 1747 1557 1817 deceptum
1591 1748 1956 1818 promissione
1991 1755 2278 1813 certorum,

373 1832 572 1902 puerili
611 1851 785 1885 errore
825 1838 880 1885 et
918 1834 1279 1899 animositate,
1319 1841 1431 1888 tam
1469 1836 1643 1887 multa
1678 1835 1887 1887 incerta
1927 1835 2085 1905 quasi
2131 1843 2278 1889 certa

374 1921 619 1987 garrisse.
700 1921 864 1981 Quod
891 1922 1037 1973 enim
1063 1922 1202 1975 falsa
1228 1930 1428 1987 essent,
1456 1930 1650 1992 postea
1684 1922 1820 1974 mihi
1859 1923 2066 1976 claruit.
2147 1923 2276 1976 Cer-

371 2013 487 2059 tum
522 2016 704 2061 tamen
744 2017 856 2062 erat
895 2009 1046 2079 quod
1085 2010 1291 2063 incerta
1326 2018 1526 2076 essent,
1561 2018 1615 2063 et
1646 2029 1678 2063 a
1716 2028 1802 2062 me
1842 2009 2140 2081 aliquando
2175 2029 2274 2080 pro

372 2096 534 2148 certis
572 2097 765 2148 habita
800 2096 1051 2161 fuissent,
1093 2116 1218 2150 cum
1260 2098 1607 2151 Catholicam
1655 2104 1805 2150 tuam
1847 2098 2010 2150 caecis
2051 2107 2273 2151 conten-

369 2184 615 2237 tionibus
655 2203 986 2249 accusarem,
1015 2186 1118 2238 etsi
1143 2186 1388 2238 nondum
1428 2193 1762 2256 compertam
1801 2203 1926 2238 vera
1965 2185 2273 2251 docentem,

371 2291 482 2324 non
525 2280 709 2325 tamen
749 2291 814 2325 ea
853 2273 1141 2326 docentem
1191 2292 1315 2344 quae
1366 2274 1600 2342 graviter
1649 2274 1994 2326 accusabam.
2074 2274 2273 2344 Itaque

372 2360 764 2428 confundebar,
793 2368 847 2413 et
874 2362 1258 2414 convertebar:
1302 2368 1357 2414 et
1384 2361 1708 2429 gaudebam,
1736 2361 1892 2412 Deus
1920 2379 2093 2426 meus,
2121 2361 2272 2431 quod

368 2447 659 2503 Ecclesia*
690 2451 856 2503 unica
895 2468 1095 2519 corpus
1124 2449 1295 2502 Unici
1322 2450 1421 2514 tui,
1448 2450 1506 2501 in
1535 2468 1645 2519 qua
1670 2448 1807 2500 mihi
1833 2467 2033 2500 nomen
2064 2449 2271 2502 Christi

366 2538 564 2591 infanti
592 2546 674 2592 est
698 2538 954 2603 inditum,
981 2556 1095 2590 non
1130 2544 1344 2608 saperet
1380 2537 1657 2590 infantiles
1695 2554 1872 2604 nugas
1895 2556 1908 2601 ;
1949 2555 2129 2607 neque
2159 2537 2268 2590 hoc

365 2627 593 2679 haberet
628 2627 686 2678 in
727 2626 977 2679 doctrina
1017 2645 1116 2678 sua
1155 2644 1304 2692 sana,
1335 2625 1487 2696 quod
1513 2632 1565 2678 te
1592 2631 1890 2678 creatorem
1928 2625 2172 2677 omnium
2210 2626 2267 2678 in

367 2716 606 2784 spatium
647 2716 759 2769 loci
807 2715 1058 2785 quamvis
1103 2733 1378 2767 summum
1416 2720 1471 2767 et
1504 2715 1765 2783 amplum,
1800 2719 1983 2766 tamen
2020 2713 2268 2784 undique

365 2802 714 2854 terminatum
741 2803 1107 2854 membrorum
1132 2802 1498 2855 humanorum
1524 2801 1701 2869 figura
1725 2800 2084 2854 contruderet.

438 2893 489 2941 6.
532 2888 862 2942 Gaudebam
897 2889 1060 2941 etiam
1099 2888 1251 2959 quod
1284 2894 1467 2941 vetera
1499 2889 1702 2957 scripta
1727 2887 1895 2955 Legis
1933 2893 1988 2940 et
2020 2888 2265 2957 Prophe-

363 2984 540 3028 tarum
574 2975 694 3047 jam
731 2995 844 3029 non
883 2976 978 3028 illo
1019 2977 1179 3028 oculo
1218 2975 1357 3028 mihi
1392 2974 1628 3044 legenda
1664 2981 2113 3046 proponerentur,
2154 2995 2265 3047 quo

363 3070 526 3117 antea
557 3061 886 3116 videbantur
920 3062 1174 3128 absurda,
1203 3082 1328 3116 cum
1364 3064 1658 3131 arguebam
1686 3071 1949 3133 tanquam
1986 3063 2065 3117 ita
2098 3066 2264 3118 senti—

362 3157 516 3204 entes
546 3159 765 3205 sanctos
791 3159 947 3215 tuos3
987 3169 1175 3203 verum
1202 3156 1383 3203 autem
1420 3168 1533 3202 non
1569 3150 1647 3202 ita
1687 3149 2024 3203 sentiebant:
2065 3158 2120 3203 et
2144 3159 2262 3204 tan-

363 3257 530 3309 quam
554 3239 802 3307 regulam
829 3238 1248 3307 diligentissime
1275 3235 1697 3302 commendaret,
1725 3255 1871 3307 saepe
1897 3237 1955 3289 in
1982 3239 2261 3308 populari-

358 3327 464 3378 bus
483 3326 825 3379 sermonibus
843 3326 956 3379 suis
974 3324 1247 3378 dicentem
1266 3324 1615 3377 Ambrosium
1631 3325 1790 3377 laetus
1812 3323 2120 3391 audiebam,
2143 3327 2261 3378 Lit-

361 3422 482 3468 tera
501 3415 702 3467 occidit
714 3437 733 3474 ;
776 3417 1010 3483 spiritus
1029 3420 1217 3467 autem
1237 3413 1514 3481 vivfficat:
1562 3431 1688 3466 cum
1708 3432 1773 3466 ea
1793 3432 1916 3484 quae
1938 3412 2009 3466 ad
2025 3413 2260 3466 litteram

357 3504 767 3574 perversitatem
816 3504 1011 3557 docere
1050 3502 1393 3568 videbantur,
1431 3508 1640 3555 remoto
1679 3502 1914 3572 mystico
1951 3503 2260 3555 velamento

358 3593 713 3661 spiritualiter
737 3593 987 3663 aperiret,
1013 3610 1126 3644 non
1153 3590 1343 3644 dicens
1371 3589 1521 3661 quod
1547 3609 1633 3644 me
1665 3590 1980 3656 offenderet,
2008 3589 2267 3660 quamvis.

356 3696 422 3730 ea
441 3678 664 3744 diceret,
682 3698 806 3750 quae
826 3685 1009 3732 utrum
1033 3696 1164 3732 vera
1189 3684 1374 3731 essent
1392 3677 1572 3731 adhuc
1593 3678 1916 3747 ignorarem.
1976 3677 2257 3729 Tenebam

354 3765 501 3825 enim
532 3783 626 3818 cor
653 3784 839 3820 meum
875 3768 943 3820 ab
984 3766 1134 3819 omni
1173 3765 1508 3832 assensione,
1537 3765 1733 3818 timens
1763 3763 2161 3835 praecipitium3
2203 3769 2257 3816 et
