2378 4134
202 461 307 501 Gen.
329 461 369 505 3,

200 518 270 556 21.

239 635 361 676 XIX.

202 691 312 739 Quid

202 747 372 787 senserit

197 801 249 841 de

199 857 350 897 Christi

202 914 386 954 incarna-

202 970 324 1009 tione.

200 1168 265 1207 Jo.
293 1171 329 1215 l,

208 1226 270 1263 14.

407 141 510 192 120
881 138 937 192 S.
976 139 1420 193 AUGUSTINI
1460 138 1823 194 EPISCOPI

403 266 610 326 fiducia
647 272 732 325 sui
768 272 1224 342 progrederentur
1260 272 1502 341 longiuS,
1541 272 1640 326 sed
1679 272 1864 343 potius
1887 269 2296 326 *infirmarentur

403 358 655 412 videntes
688 366 814 412 ante
851 358 1023 429 pedes
1057 377 1186 412 suos
1221 358 1494 412 infirmam
1528 357 1870 412 divinitatem
1903 375 1976 410 ex
1999 358 2297 429 participa·-

404 447 554 500 tione
581 450 783 500 tunicae
804 446 1074 516 pelliceo&
1098 454 1316 508 nostrae,
1346 454 1401 499 et
1422 446 1557 499 lassi
1581 452 2051 517 prosternerentur
2072 445 2129 498 in
2156 464 2296 513 eam,

403 535 501 587 illa
525 541 706 588 autem
732 552 961 603 surgens
984 534 1189 587 levaret
1215 551 1325 586 eOS.

478 626 566 674 25.
616 622 745 689 Ego
796 638 924 673 vero
974 620 1127 674 aliud
1176 621 1460 691 putabam,
1504 626 1827 690 tantumque
1877 619 2179 672 sentiebam
2228 617 2296 673 de

403 709 647 762 Domino
675 708 898 762 Christo
929 726 1072 774 me0,
1101 715 1368 778 quantum
1402 705 1470 759 de
1497 707 1822 760 excellentis
1855 705 2139 776 sapientiae
2164 705 2298 772 virO,

404 796 493 850 cui
519 797 704 849 nullus
727 800 916 865 posset
941 795 1171 865 aequari3
1215 793 1516 864 praesertim
1542 793 1675 864 quia
1697 794 2017 847 mirabiliter
2040 799 2202 846 natus
2226 812 2299 848 ex

403 885 631 954 virgine,
684 883 754 937 ad
806 884 1121 953 exemplum
1182 883 1702 937 contemnendorum
1761 882 2144 953 temporalium
2199 900 2297 952 pro

404 970 762 1043 adipiscenda
810 969 1233 1034 immortalitate,
1285 968 1473 1022 divina
1522 987 1622 1039 pro
1679 969 1844 1022 nobis
1904 987 2035 1022 cura
2091 976 2297 1022 tantam

404 1059 779 1113 auctoritatem
837 1056 1138 1125 magisterii
1194 1055 1458 1110 meruisse
1509 1056 1811 1110 videbatur.
1908 1056 2060 1118 Quid
2118 1064 2299 1110 autem

403 1145 728 1200 sacramenti
784 1145 1012 1198 haberet
1059 1145 1319 1198 VERBUM
1386 1159 1531 1196 CARo
1599 1160 1850 1209 FACTUM,
1899 1163 1970 1197 ne
2034 1144 2301 1215 suspicari

404 1232 628 1304 quidem
666 1237 931 1302 poteram.
1009 1230 1250 1282 Tantum
1287 1247 1650 1297 cognoveram
1692 1248 1764 1282 ex
1804 1230 1892 1283 his
1932 1249 2055 1300 quae
2094 1230 2162 1284 de
2203 1231 2300 1284 illo

404 1320 609 1389 scripta
633 1318 987 1382 traderentur,
1016 1316 1149 1388 quia
1170 1316 1527 1369 manducavit
1549 1323 1604 1370 et
1626 1316 1786 1379 bibit,
1815 1316 2087 1382 dormivit,
2112 1317 2300 1370 ambu-

402 1407 555 1474 lavit,
582 1407 921 1459 exhilaratus
958 1414 1059 1469 est,
1087 1403 1438 1457 contristatus
1477 1411 1577 1470 est,
1605 1403 1998 1457 sermocinatus
2034 1410 2149 1467 est3
2187 1421 2301 1456 non

403 1494 631 1547 haesisse
670 1511 890 1547 carnem
926 1491 1078 1543 illam
1116 1491 1300 1543 Verbo
1346 1497 1458 1555 tuo,
1494 1490 1602 1543 nisi
1644 1510 1769 1544 cum
1809 1491 1991 1543 anima
2029 1498 2085 1543 et
2120 1497 2300 1542 mente

403 1584 661 1636 humana.
759 1580 932 1634 Novit
971 1580 1079 1633 hoc
1127 1580 1305 1631 omnis
1349 1579 1445 1650 qui
1494 1579 1651 1632 novit
1697 1579 2303 1632 incommutabilitatem

405 1673 573 1725 Verbi
613 1672 712 1736 tui,
753 1690 918 1742 quam
964 1688 1067 1737 ego
1100 1669 1216 1741 jam
1259 1688 1534 1735 noveram,
1572 1676 1839 1740 quantum
1875 1676 2153 1740 poteram3
2197 1687 2299 1722 nec

404 1760 628 1812 omnino
676 1757 980 1828 quidquam
1023 1756 1153 1808 inde
1196 1756 1534 1809 dubitabam.
1627 1756 1851 1809 Etenim
1894 1774 2042 1809 nunc
2087 1773 2302 1808 movere

402 1850 648 1902 membra
690 1846 934 1916 corporis
976 1864 1073 1916 per
1112 1847 1465 1910 voluntatem,
1509 1864 1656 1899 nunc
1700 1864 1814 1899 non
1854 1864 2101 1910 movere3
2153 1864 2300 1899 nunc

403 1936 589 2007 aliquo
621 1937 819 1988 affectu
847 1933 1011 1997 affici,
1039 1951 1187 1986 nunc.
1222 1951 1335 1984 non
1363 1933 1542 1997 affici3
1583 1952 1731 1987 nunc
1757 1932 1994 2003 proferre
2020 1951 2118 2003 per
2144 1934 2302 2002 signa

403 2024 678 2092 sapientes
705 2019 1020 2086 sententiaS,
1046 2038 1193 2072 nunc
1222 2038 1342 2072 esse
1366 2020 1423 2072 in
1453 2021 1696 2073 silentio:
1725 2020 1947 2090 propria
1974 2027 2102 2072 sunt.
2125 2027 2301 2073 muta-

405 2110 632 2163 bilitatis
658 2108 854 2161 animae
882 2114 935 2159 et
954 2107 1167 2158 mentis.
1248 2108 1385 2167 Quae
1415 2107 1461 2159 si
1489 2108 1626 2160 falsa
1653 2107 1720 2160 de
1745 2108 1840 2159 illo
1871 2107 2072 2176 scripta
2098 2114 2301 2172 essent,

404 2197 567 2249 etiam
584 2195 766 2247 onmia
783 2193 1220 2264 periclitarentur
1233 2192 1540 2259 mendaciO,
1556 2213 1735 2264 neque
1754 2195 1811 2246 in
1827 2194 1936 2246 illis
1952 2194 2175 2247 Litteris
2191 2195 2305 2248 ulla

405 2283 534 2336 fidei
556 2284 702 2335 salus
725 2280 909 2349 generi
934 2281 1176 2333 humano
1204 2288 1519 2333 remaneret.
1575 2282 1719 2342 Quia
1743 2282 1929 2352 itaque
1950 2299 2076 2334 vera
2101 2282 2305 2351 scripta

405 2377 549 2437 sunt,
582 2377 758 2422 totum
798 2367 1109 2420 hominem³
1149 2367 1206 2419 in
1251 2368 1472 2421 Christo
1513 2370 1911 2437 agnoscebam3
1956 2386 2070 2420 non
2104 2387 2304 2439 corpus

404 2467 614 2513 tantum
651 2457 909 2522 hominis,
949 2465 1043 2510 aut
1080 2475 1204 2510 cum
1241 2475 1468 2526 corpore
1505 2457 1621 2510 sine
1659 2463 1840 2509 mente
1879 2455 2176 2522 animum*,
2206 2456 2302 2510 sed

403 2549 583 2620 ipsum
619 2548 928 2600 hominem:
975 2565 1086 2599 non
1122 2565 1357 2617 persona
1392 2546 1669 2611 VeritatiS,
1697 2546 1794 2599 sed
1827 2564 2029 2613 magna
2065 2545 2304 2616 quadam

403 2643 610 2688 naturae
636 2635 892 2687 humanae
920 2633 1265 2698 excellentia,
1283 2641 1338 2686 et
1361 2633 1684 2703 perfectiore
1709 2632 2130 2703 participatione
2159 2631 2303 2701 sapi-

405 2722 566 2774 entiae
617 2720 856 2791 praeferri
908 2719 1119 2772 caeteris
1170 2719 1486 2772 arbitrabar.
1589 2719 1824 2789 Alypius
1885 2724 2065 2771 autem
2118 2718 2303 2771 Deum

406 2827 567 2861 carne
591 2807 845 2860 indutum
870 2807 949 2858 ita
972 2806 1205 2875 putabat
1230 2805 1378 2858 credi
1405 2824 1438 2858 a
1464 2804 1787 2870 Catholicis,
1814 2812 1876 2857 ut
1899 2811 2096 2874 praeter
2119 2806 2303 2857 Deum

407 2906 460 2950 et
488 2915 724 2961 carnem,
750 2915 862 2947 non
898 2902 1041 2947 esset
1073 2894 1131 2945 in
1161 2894 1383 2947 Christo
1421 2894 1632 2958 anima,
1678 2902 2026 2964 mentemque
2063 2894 2305 2948 hominis

406 3003 516 3036 non
556 2984 912 3036 existimabat
946 2982 1002 3032 in
1039 2999 1103 3034 co
1130 2980 1433 3050 praedicari.
1510 2983 1587 3034 Et
1623 2981 1882 3051 quoniam
1909 2981 2053 3032 bene
2080 2999 2303 3050 persua-

408 3091 527 3125 sum
572 3073 812 3137 tenebat,
857 3090 921 3123 ea
966 3089 1088 3141 quae
1136 3069 1203 3123 de
1247 3070 1345 3122 illo
1389 3070 1664 3123 memoriae
1704 3068 1962 3123 mandata
2002 3075 2145 3134 sunt,
2188 3072 2304 3124 sine

465 3249 488 3271 2
510 3243 632 3284 Pellis
649 3243 932 3284 mortalitatem
949 3242 1172 3294 significan
1206 3253 1324 3295 prop-

410 3306 519 3341 terea
539 3306 580 3339 et
598 3299 658 3339 illi
685 3299 765 3339 duo
785 3298 966 3340 homines
986 3297 1118 3352 primi,
1140 3303 1327 3351 parentes

410 3354 548 3401 nostri,
560 3362 744 3395 auctores
764 3354 920 3408 peccati
937 3353 1092 3407 generis
1104 3351 1328 3391 humani—

411 3410 505 3450 facti
525 3410 713 3450 mortales
734 3409 888 3450 dimissi
909 3416 1002 3448 sunt
1032 3409 1083 3448 de
1114 3407 1325 3462 paradiso3

410 3472 454 3504 ut
490 3474 623 3506 autem
655 3465 945 3518 significaretur
977 3465 1067 3518 ipsa
1102 3463 1329 3502 mortalitas

408 3533 562 3568 eorum,
592 3520 722 3560 induti
760 3527 854 3560 sunt
886 3519 1032 3560 tunicis
1067 3518 1247 3573 pelliceis
1261 3533 1330 3566 3—

409 3576 538 3629 pelles
557 3583 694 3616 autem
715 3575 870 3616 detrahi
890 3589 967 3615 non
987 3575 1132 3621 solent,
1149 3573 1224 3613 nisi
1239 3573 1324 3613 ani-

410 3632 583 3671 malibus
612 3631 805 3680 mortuis;
845 3644 939 3683 ergo
968 3630 1134 3684 pellium
1166 3630 1327 3670 nomine

411 3686 715 3728 mortalitasilla
727 3688 897 3740 figurata
909 3695 980 3728 est.
1019 3686 1122 3740 Aug.
1140 3686 1326 3725 Enarrat.

1382 3240 1423 3279 in
1445 3241 1516 3281 Ps.
1539 3242 1631 3280 103.
1655 3241 1695 3280 S.
1722 3241 1756 3280 l.
1775 3242 1810 3288 §-
1831 3242 1871 3281 8.
1892 3239 1998 3286 illos,
2018 3241 2088 3294 qui
2116 3241 2191 3281 sibi
2212 3255 2303 3282 suc-

1382 3296 1576 3336 cinctoria
1588 3296 1779 3340 fecerant.
1789 3296 1840 3336 de
1855 3310 1927 3336 sua
1939 3296 2120 3337 nuditate
2132 3297 2303 3347 confusi,

1384 3352 1505 3392 etiam
1541 3351 1686 3391 tunicis
1720 3352 1864 3397 induit,
1894 3359 2106 3406 propterea
2138 3353 2299 3405 quidem

1382 3407 1578 3462 pelliceis,
1593 3414 1660 3447 aut
1677 3408 1957 3461 corruptilibus
1968 3407 2055 3459 jam
2069 3407 2300 3460 corporibus

1383 3476 1489 3502 mors
1518 3462 1742 3514 signaretur
1769 3462 1973 3517 adjuncta.
2032 3463 2114 3517 op.
2134 3463 2239 3516 Imp.
2263 3475 2300 3503 c.

1385 3519 1410 3560 J
1417 3518 1470 3558 ul.
1491 3517 1544 3558 iv.
1565 3519 1635 3558 37.

1437 3578 1456 3600 ὃ
1481 3573 1678 3623 Verbum,
1709 3572 1914 3615 rationalis
1943 3572 2094 3616 anima.
2123 3579 2164 3613 et
2191 3585 2299 3620 caro,

1385 3629 1457 3670 hoc
1489 3635 1616 3670 totum
1651 3628 1849 3671 Christus.
1906 3629 2017 3683 Aug.
2044 3629 2172 3669 Serm.
2202 3629 2299 3670 253.

1383 3699 1418 3725 c.
1442 3686 1481 3724 4.
