2378 4134
560 242 1162 300 CONFESSIONUM
1199 242 1442 296 LIBER
1476 238 1609 293 VII.
1906 243 2008 292 123

164 377 415 432 membris
459 373 615 448 ejus?
693 373 962 431 Quoniam
1000 375 1192 445 justus
1239 390 1312 439 es,
1354 370 1590 424 Domine
1607 389 1622 434 ;
1677 387 1779 422 nos
1829 375 2008 423 autem
2023 379 2198 474 gaz—113}

159 463 515 532 peccavimus,
550 461 738 529 inique
767 460 1030 528 fecimus,
1065 459 1233 526 impie
1264 456 1543 526 yessimus,
1581 460 1636 506 et
1673 462 1890 522 gravata
1927 461 2010 550 est
2190 461 2201 474 ⁸

165 564 325 617 super
344 563 443 598 nos
467 562 656 597 manus
680 550 790 608 tua,
815 549 870 595 et
884 542 1031 614 juste
1057 542 1255 595 traditi
1276 557 1462 594 sumus
1486 538 1710 609 antiquo
1734 546 2008 634 pecc-aton

162 630 449 701 praeposito
486 628 702 692 mortis;
759 628 887 697 quia
922 626 1186 697 persuasit
1221 624 1483 678 voluntati
1525 631 1720 676 nostrae
1761 624 2007 675 s1m111tu-

162 715 339 768 dinem
366 713 653 766 voluntatis
686 730 815 777 suae,
850 730 958 782 qua
986 714 1047 764 in
1080 712 1308 764 veritate
1340 717 1439 762 tua
1471 726 1578 762 non
1609 709 1779 761 stetit.
1860 707 2010 763 Quid
2024 713 2117 806 {Zb-
2136 715 2178 760 8,

144 803 326 871 saciet
366 800 528 851 miser
565 798 753 850 homo?
832 797 967 853 Quis
1007 814 1128 849 eum
1174 795 1425 849 liberabit
1462 795 1529 847 de
1565 811 1783 860 corpore
1818 795 2010 845 mortis
2028 797 2209 884 Rdmff,

11 903 17 933 ι
160 885 340 953 hujuS,
371 882 476 934 nisi
510 883 696 949 qratia
736 887 832 932 tua
861 898 967 947 per
1001 881 1190 932 Jesum
1234 880 1512 932 Christum
1552 879 1851 930 Dominum
1889 896 2006 930 uos·
2023 890 2178 930 24.25.

162 976 325 1033 trum,
375 984 534 1036 quem
584 964 817 1032 genuisti
868 971 1210 1026 coaeternum,
1258 972 1313 1016 et
1360 965 1559 1015 creasti
1612 965 1672 1014 iu
1725 964 2007 1031 principio
2028 981 2141 1022 Prov.
2169 982 2209 1030 8,

157 1055 366 1104 viarum
407 1058 648 1114 tuarum,
685 1053 745 1101 in
782 1068 884 1118 quo
928 1052 1184 1116 princeps
1220 1049 1385 1118 liujus
1426 1048 1621 1100 mundi
1657 1066 1762 1099 nou
1800 1050 2006 1100 invenit
2024 1036 2103 1140 {fib
2143 1104 2191 1142 14

159 1137 450 1207 quidquam
487 1142 653 1187 morte
692 1134 934 1201 dignum,
960 1141 1014 1186 et
1051 1133 1251 1186 occidit
1287 1151 1440 1196 eum3
1479 1139 1534 1185 et
1569 1140 1890 1186 evacuatum
1929 1141 2006 1186 est
2024 1130 2120 1196 30,'
2197 1133 2208 1150 '

156 1222 570 1288 cleiroyraplium
597 1220 739 1289 quod
761 1226 880 1271 erat
905 1220 1242 1270 contrarium
1269 1216 1457 1270 uobis?
1530 1219 1658 1271 Hoc
1683 1218 1790 1270 illae
1816 1219 2005 1271 litterae
2025 1222 2112 1315 3³¹·
2133 1226 2175 1271 2,

157 1323 264 1356 non
289 1306 505 1357 habent.
584 1306 710 1355 Non
735 1304 938 1355 habent
970 1303 1075 1355 illae
1109 1302 1325 1371 paginae
1351 1303 1555 1354 vultum
1581 1303 1800 1372 pietatis
1823 1303 2005 1374 huju8‚
2083 1307 2090 1315 '

155 1390 416 1458 lacrymas
454 1388 822 1452 confessioniS,
853 1390 1188 1456 sacrificium
1229 1394 1403 1452 tuum,
1436 1389 1693 1454 spiritum
1732 1389 2004 1440 contribu-
2023 1406 2092 1446 Ps.
2112 1408 2181 1454 50,

156 1475 347 1537 lat-um,
366 1491 454 1525 cor
479 1475 770 1525 contritum
797 1479 850 1524 et
876 1474 1247 1536 humiliatum,
1270 1473 1462 1542 populi
1488 1473 1731 1536 salutem,
1755 1491 2003 1540 sponsam
2025 1461 2151 1579 ἔξω.

155 1561 446 1623 civitatem,
495 1561 717 1611 arrham
771 1559 1013 1625 Spiritus
1061 1560 1256 1622 sancti,
1295 1560 1548 1625 poculum
1593 1561 1767 1625 pretii
1816 1561 2151 1627 nostri.21‚2,

157 1646 330 1696 Nemo
365 1644 441 1696 ibi
475 1651 681 1696 cantat:
731 1646 926 1696 Nonne
950 1646 1066 1697 Deo
1090 1644 1306 1696 subdita
1331 1647 1439 1696 erit
1465 1646 1654 1696 anima
1680 1643 1843 1697 mea?
1922 1645 2204 1740 Αόἓθοτῶ,

157 1733 271 1797 ipso
294 1732 435 1782 euim
461 1732 703 1782 salutare
718 1748 913 1781 meum.
971 1732 1196 1782 Etenim
1219 1733 1331 1797 ipse
1350 1738 1427 1782 est
1450 1733 1600 1782 Deus
1618 1750 1770 1783 meus
1786 1739 1838 1783 et
1854 1735 2000 1784 salu-
2024 1731 2088 1807 1³⁶5.
2109 1769 2178 1817 61,

158 1817 294 1865 taris
330 1832 506 1871 meus;
559 1821 829 1880 susceptor
864 1832 1030 1878 meus,
1069 1833 1174 1866 uon
1218 1816 1456 1867 movebor
1492 1818 1746 1882 amplius.
1823 1818 1999 1868 Nemo
2020 1824 2057 1862 2.
2078 1824 2121 1861 3.

155 1900 232 1950 ibi
253 1899 399 1951 audit
416 1907 720 1951 vocantem:
764 1901 863 1951 Ven
872 1901 944 1950 ite
963 1900 1038 1950 ad
1054 1918 1155 1964 me,
1174 1918 1351 1952 omues
1368 1903 1463 1970 qui
1481 1901 1755 1953 laboratis.
1796 1902 2000 1970 Dedig-
2022 1911 2121 1952 Mar.
2140 1913 2205 1960 11,

155 1993 348 2037 nantur
388 1987 454 2036 ab
499 2003 562 2036 eo
605 1986 807 2037 discere
851 1988 1104 2054 quoniam
1149 1989 1300 2038 mitis
1342 1995 1420 2039 est
1463 1994 1515 2038 et
1561 1990 1784 2040 humilis
1827 1990 1998 2042 eorde.
2017 1967 2087 2060 ἐξ
2103 1968 2174 2007 29.

154 2070 487 2121 Abscondisti
523 2071 666 2121 euim
699 2072 809 2122 hcec
845 2089 880 2121 a
917 2071 1250 2137 sapientibus
1281 2079 1334 2124 et
1365 2073 1747 2139 prudentibus,
1772 2081 1825 2126 et
1859 2094 2001 2127 reve-

153 2155 280 2205 lasti
310 2172 371 2205 ea
401 2155 666 2220 parvulis.
742 2154 817 2206 Et
851 2153 997 2206 aliud
1031 2162 1113 2206 est
1146 2155 1211 2207 de
1248 2156 1475 2209 silvestri
1510 2159 1788 2211 cacumine
1822 2160 2001 2213 videre
2020 2179 2142 2219 Dent.

153 2239 375 2306 patriam
412 2238 579 2306 paciS‚
605 2245 656 2289 et
687 2238 787 2290 iter
818 2237 886 2290 ad
923 2257 1039 2290 eam
1077 2258 1187 2291 non
1224 2240 1481 2307 invenire,
1509 2251 1560 2294 et
1594 2243 1785 2296 frustra
1818 2247 2000 2298 conari
2017 2235 2083 2283 32,
2109 2236 2176 2276 ⁴9·

155 2339 250 2389 per
286 2322 446 2385 invia,
473 2322 672 2374 circum
710 2322 1080 2375 obsidentibus
1119 2332 1171 2376 et
1207 2325 1590 2379 insidiantibus
1627 2329 1868 2396 fugitivis
1907 2330 1998 2382 de-

155 2405 457 2468 sertoribus,
484 2424 605 2457 cum
630 2407 871 2475 principe
899 2426 994 2458 suo
1021 2410 1167 2460 leone
1191 2416 1243 2460 et
1269 2410 1527 2462 dracone:
1569 2419 1622 2463 et
1647 2414 1793 2465 aliud
1821 2421 1997 2467 tenere
2016 2435 2080 2475 Ps.
2104 2437 2173 2484 90,

153 2488 293 2539 viam
329 2489 458 2541 illuc
496 2490 795 2555 ducentem,
835 2491 1016 2544 curia*
1060 2494 1293 2546 coelestis
1332 2496 1680 2563 Imperatoris
1717 2500 1996 2564 munitam,
2017 2491 2078 2530 13.

153 2573 245 2622 ubi
288 2591 396 2625 non
438 2575 822 2627 latrocinantur
865 2577 958 2644 qui
1009 2579 1281 2629 coelestem
1329 2580 1575 2631 militiam
1620 2581 1995 2649 deseruerunt;

152 2656 321 2707 vitant
346 2658 486 2708 enim
514 2677 630 2710 eam
657 2660 796 2711 sicut
822 2661 1160 2729 supplicium.
1214 2665 1353 2716 Haec
1380 2665 1514 2715 mihi
1538 2665 1999 2721 inviscerabantur

151 2741 295 2792 miris
321 2741 511 2806 modis,
539 2762 660 2795 cum
685 2747 972 2795 minimum
999 2747 1367 2812 Apostolorum
1395 2758 1605 2802 tuorum
1639 2753 1869 2819 legerem
1881 2764 1917 2822 ἔ,
1944 2764 1997 2808 et
2016 2767 2151 2832 l-Cor.

151 2826 602 2879 consideraveram
629 2846 790 2898 opera
814 2836 922 2893 tua,
948 2836 1001 2881 et
1026 2847 1363 2899 expaveram.
2016 2823 2079 2870 lo,
2097 2825 2136 2863 9.

204 3048 223 3079 ἕ
254 3045 319 3083 Ad
347 3044 449 3085 hanc
471 3046 560 3086 vitae
582 3060 662 3086 suae
683 3053 847 3099 partem,
869 3054 910 3087 ut
932 3047 1037 3089 vide·
1094 3049 1283 3090 tiosissimi
1319 3056 1506 3106 unguenti
1551 3064 1679 3109 guttas
1723 3058 1990 3111 paucissimaS‚

151 3103 225 3143 tur,
245 3098 399 3151 respicit
427 3102 532 3153 Aug.
552 3101 600 3139 ad
631 3101 922 3140 Romanianum
943 3103 1038 3142 scri·
1092 3102 1334 3153 incredibile,
1376 3108 1636 3157 Romaniane,
1674 3111 1916 3161 incredibile,
1952 3122 1992 3154 et

151 3150 247 3190 bens
281 3155 339 3203 (c.
373 3152 498 3192 Acad.
530 3154 567 3193 ii.
599 3156 634 3205 ξ.
664 3154 726 3205 5.)
754 3155 870 3194 simul
906 3163 1038 3196 tamen
1091 3158 1193 3197 ultra
1214 3173 1331 3211 quam
1361 3163 1410 3202 de
1439 3176 1500 3203 me
1528 3165 1686 3204 fortasse
1713 3174 1751 3204 et
1781 3174 1823 3204 tu
1851 3167 1989 3215 credis,

153 3205 438 3243 conversionem
467 3207 699 3252 subindicat,
721 3209 785 3248 cui
817 3209 899 3248 haec
930 3210 1036 3250 viam
1093 3213 1207 3264 (quid
1237 3215 1406 3268 amplius
1433 3217 1613 3268 dicamv.)
1647 3220 1764 3258 etiam
1794 3220 1890 3258 mihi
1918 3221 1990 3274 ipsi

153 3258 293 3296 sensim
329 3259 568 3307 muniebant,
605 3275 773 3314 quaeque
810 3275 833 3301 a
869 3263 1035 3304 lectione
1092 3266 1140 3304 de
1160 3268 1307 3321 meipso
1327 3270 1552 3311 incredibile
1570 3272 1795 3311 incendium
1816 3275 1988 3313 concita-

152 3311 322 3362 ejusdem
360 3312 537 3365 Apostoli
582 3315 751 3367 profecta
787 3323 870 3364 est3
920 3330 1039 3369 quam
1097 3327 1200 3358 runt.
1258 3323 1359 3369 Quis
1386 3337 1449 3363 me
1477 3332 1571 3363 tunc
1592 3326 1726 3373 bonor,
1745 3340 1834 3379 quae
1864 3328 1988 3366 homi.-

153 3370 283 3403 tamen
316 3377 384 3416 pro
419 3366 534 3406 amici
561 3367 706 3415 indole,
741 3369 868 3410 adhuc
902 3371 1037 3411 Mani—
1095 3385 1189 3411 num
1211 3387 1370 3428 pompa,
1387 3390 1476 3429 quae
1498 3379 1624 3418 inanis
1644 3380 1758 3418 famae
1779 3381 1987 3434 cupiditas,

152 3417 1037 3477 chaeismitenebrisobvoluti,obscuriustangit.
1092 3428 1197 3478 quod
1214 3429 1382 3481 denique
1401 3431 1521 3483 hujus
1539 3433 1713 3472 mortalis
1728 3434 1816 3472 vitae
1834 3434 1983 3475 somen-

152 3476 178 3492 “
203 3471 399 3518 Quoniam
429 3474 598 3514 nondum
626 3476 760 3516 aderat
786 3490 832 3516 ea
859 3477 1032 3526 flamma,
1090 3486 1172 3518 tum
1218 3489 1335 3534 atque
1381 3483 1639 3524 retinaculum
1685 3490 1985 3531 commovebat?

150 3537 402 3575 quaesumma
420 3539 487 3565 nos
502 3535 701 3581 arreptura
715 3538 812 3576 erat,
827 3530 938 3570 illam
954 3545 1035 3584 qua
1090 3533 1253 3573 Prorsus
1289 3542 1390 3575 totus
1432 3538 1472 3576 in
1518 3551 1580 3578 me
1617 3541 1758 3580 cursim
1795 3543 1984 3585 redibam.

152 3577 257 3617 lenta
277 3579 552 3625 aestuabamus,
573 3581 854 3623 arbitrabamur
870 3585 932 3624 vel
951 3598 1035 3625 esse
1090 3587 1262 3639 Respexi
1289 3596 1457 3637 tantum,
1478 3593 1678 3638 confiteor,
1707 3596 1818 3647 quasi
1844 3598 1893 3637 de
1922 3598 1984 3638 iti·

150 3631 372 3671 maximam.
434 3633 534 3672 Cum
555 3647 645 3674 ecce
673 3635 740 3674 tibi
763 3637 850 3676 libri
873 3639 1034 3691 quidam
1090 3653 1180 3679 nere
1212 3642 1252 3680 in
1295 3643 1406 3682 illam
1446 3646 1690 3698 religionem,
1727 3663 1815 3703 quae
1853 3652 1983 3705 pueris

151 3684 378 3736 pleni—ubi
397 3686 455 3726 illi
470 3688 679 3728 flammulae
696 3689 929 3732 instillarunt
949 3706 1035 3746 pre·
1091 3694 1201 3734 nobis
1218 3694 1331 3737 insita
1349 3707 1420 3747 est,
1440 3705 1479 3739 et
1509 3701 1734 3744 medullitus
1752 3705 1978 3759 implicata:
