2378 4134
444 177 551 233 18⁴1·
917 179 974 232 S.
1013 178 1457 234 AUGUSTINI
1496 178 1857 237 EPISCOPI

440 311 503 365 in
551 310 633 366 eis
670 327 887 365 omnem
936 311 1377 384 inquietudinem
1427 311 1614 379 animi,
1653 330 1818 384 quem
1866 310 2086 365 volebat
2130 309 2331 373 habeto

440 399 675 453 liberum
699 404 756 454 et
781 417 949 470 quam
973 399 1162 453 multis
1185 407 1375 470 posset
1397 397 1548 453 horis
1576 398 1845 464 feriatum,
1872 397 1945 453 ad
1979 395 2331 472 quaerendum
2370 388 2373 405 ²

442 483 670 556 aliquid,
694 487 784 540 vel
807 484 1104 555 legendum
1128 485 1218 541 vel
1243 484 1577 539 audiendum
1603 485 1671 541 de
1699 484 1984 555 sapientia.

520 575 606 625 14.
647 572 903 633 Quodam
926 573 1093 641 igitur
1118 571 1226 636 die,
1252 589 1366 623 non
1390 572 1573 624 recolo
1601 590 1824 626 causam
1851 589 1962 642 qua
1991 575 2106 624 erat
2135 569 2334 627 absens
2360 592 2378 643 j

441 659 760 725 NebridiuS,
787 679 913 714 cum
938 677 1068 713 ecce
1095 658 1167 712 ad
1190 677 1292 711 nos
1321 658 1545 711 domum
1569 658 1721 711 venit
1755 657 1826 712 ad
1860 675 1948 710 me
1983 663 2038 710 et
2072 655 2333 725 Alypium

439 746 824 800 Pontitianus*
847 745 1072 817 quidam
1099 746 1237 800 civis
1262 752 1448 798 noster
1470 745 1799 816 inquantum
1818 745 1964 810 Afer,
1990 743 2250 814 praeclare
2272 742 2331 796 in

436 833 644 904 palatio
682 833 980 886 militansq:
1031 833 1220 886 nescio
1262 831 1398 903 quid
1447 851 1480 886 a
1519 833 1683 886 nobis
1719 833 1954 885 volebat.
2030 832 2109 884 Et
2146 847 2333 884 conse-

439 920 620 973 dimus
645 926 708 972 ut
733 921 1193 990 colloqueremur3
1235 926 1290 972 et
1313 920 1447 972 forte
1476 937 1642 989 supra
1663 936 1910 973 mensam
1933 917 2192 970 lusoriam
2210 934 2332 987 quae
2364 942 2367 955 ν

438 1013 564 1060 ante
591 1024 692 1059 nos
719 1012 852 1071 erat,
880 1006 1113 1061 attendit
1149 1006 1415 1071 codicem,
1442 1006 1587 1073 tulit,
1616 1006 1846 1076 aperuit,
1871 1004 2083 1058 invenit
2117 1010 2332 1073 aposto·
2367 1080 2370 1082 Ὗ

435 1094 551 1147 lum
577 1094 829 1158 Paulum,
855 1094 1140 1163 inopinate
1169 1112 1323 1147 sane:
1364 1098 1652 1164 putaverat
1677 1093 1822 1146 enim
1850 1091 2062 1163 aliquid
2087 1091 2155 1144 de
2180 1091 2334 1147 libris

437 1198 667 1252 quorum
699 1181 968 1251 professio
1002 1199 1089 1234 me
1118 1182 1448 1235 conterebat.
1526 1181 1672 1234 Tum
1698 1198 1826 1233 vero
1853 1179 2114 1246 arridenS,
2139 1197 2334 1248 meque
2368 1205 2369 1210 ¹

434 1269 674 1334 intuenS,
702 1270 1049 1339 gratulatorie
1085 1269 1310 1323 miratus
1338 1278 1421 1323 est
1447 1268 1596 1340 quod
1631 1287 1724 1322 eas
1750 1275 1806 1321 et
1832 1269 1977 1322 solas
2010 1285 2124 1338 prae
2161 1265 2333 1320 oculis
2368 1262 2378 1308 ι’

434 1357 572 1410 meis
612 1358 847 1410 Litteras
884 1365 1108 1427 repente
1148 1358 1520 1428 comperisset.
1625 1354 1971 1409 Christianus
2024 1355 2230 1425 quippe
2281 1360 2335 1408 et

435 1443 616 1497 fidelis
643 1451 774 1510 erat,
801 1451 856 1497 et
883 1462 1029 1514 saepe
1056 1445 1157 1498 tibi
1184 1446 1307 1497 Deo
1332 1451 1519 1497 nostro
1545 1445 1990 1514 prosternebatur
2013 1443 2073 1495 in
2101 1441 2334 1495 ecclesia

435 1529 639 1583 crebris
678 1536 732 1583 et
770 1529 1041 1583 diuturnis
1092 1531 1448 1584 orationibus.
1529 1532 1635 1584 Cui
1688 1549 1792 1599 ego
1832 1549 1958 1583 cum
2001 1529 2332 1582 indicassem

434 1617 545 1669 illis
595 1635 682 1669 me
736 1617 1036 1686 Scripturis
1088 1636 1274 1670 curam
1322 1618 1623 1671 maximam
1675 1616 2009 1687 impendere,
2052 1623 2200 1669 ortus
2254 1620 2337 1668 est

436 1721 632 1767 sermO,
670 1703 795 1773 ipso
830 1710 1102 1769 narrante,
1141 1704 1208 1757 de
1245 1705 1517 1757 Antonio¹
1546 1705 1812 1774 AEgyptio
1851 1704 2143 1768 monachO,
2179 1701 2336 1772 cujus

433 1807 637 1842 nomen
690 1790 1022 1842 excellenter
1072 1791 1313 1843 clarebat
1363 1789 1512 1860 apud
1563 1809 1746 1844 servos
1795 1797 1948 1856 tuos3
2012 1808 2114 1842 nos
2154 1796 2334 1842 autem

433 1894 610 1946 usque
645 1876 704 1927 in
736 1876 889 1929 illam
927 1877 1117 1930 horam
1156 1878 1375 1931 latebat.
1456 1877 1622 1938 Quod
1652 1878 1745 1930 ille
1783 1878 1881 1930 ubi
1922 1876 2203 1947 comperit,
2234 1876 2334 1928 im-

431 1970 676 2017 moratus
711 1971 793 2016 est
818 1964 877 2015 in
903 1982 968 2016 eo
1007 1982 1272 2029 sermone,
1298 1964 1584 2018 insinuans
1624 1971 1834 2019 tantum
1870 1967 2046 2019 virum
2082 1966 2335 2034 ignoran-

434 2051 600 2116 tibus,
621 2057 676 2103 et
696 2050 971 2103 admirans
999 2051 1245 2103 eamdem
1264 2058 1507 2105 nostram
1525 2052 1907 2121 ignorantiam.
1969 2054 2336 2122 Stupebamus

434 2145 619 2191 autem
646 2139 931 2192 audientes
957 2147 1068 2193 tam
1093 2141 1301 2193 recenti
1325 2141 1604 2206 memoria,
1625 2148 1679 2194 et
1703 2160 1874 2211 prope
1900 2141 2102 2194 nostris
2127 2148 2335 2210 tempo-

435 2225 589 2277 ribus
630 2225 986 2278 testatissima
1022 2226 1322 2279 mirabilia⁸
1359 2234 1455 2280 tua
1491 2227 1551 2279 in
1602 2228 1711 2281 fide
1762 2235 1913 2282 recta
1962 2236 2015 2282 et
2064 2227 2338 2281 catholica

437 2313 712 2365 Ecclesia.
794 2313 999 2365 Omnes
1026 2313 1373 2379 mirabamur,
1401 2320 1456 2367 et
1476 2333 1581 2367 nos
1620 2315 1751 2385 quia
1785 2321 1896 2367 tam
1928 2333 2131 2382 magna
2167 2320 2337 2380 erant,

437 2405 491 2452 et
515 2399 609 2452 ille
638 2399 770 2470 quia
793 2399 1044 2452 inaudita
1069 2399 1232 2452 nobis
1259 2407 1426 2452 erant.

515 2487 601 2542 15.
642 2486 780 2540 Inde
809 2506 984 2540 sermo
1005 2486 1050 2557 ej
1059 2506 1123 2540 us
1143 2486 1431 2540 devolutus
1447 2494 1529 2540 est
1547 2488 1617 2541 ad
1632 2488 2080 2543 monasteriorum
2098 2491 2336 2558 greges‘,

490 2725 513 2757 ‘1
544 2719 744 2770 Militare,
765 2733 853 2774 pro,
874 2721 1013 2774 aliquo
1034 2721 1164 2761 officio
1195 2720 1362 2774 defungi

436 2774 478 2814 in
508 2775 621 2815 curia
655 2775 868 2830 PrincipiS‚
897 2786 1097 2831 usurpant
1125 2777 1361 2830 Scriptores,

437 2843 518 2883 quo
538 2843 656 2870 sensu
675 2830 936 2872 πολιτεύεσθαι
956 2831 1057 2871 dixit
1079 2831 1359 2886 Theophanes.

438 2885 521 2932 Qui
555 2884 672 2939 igitur
710 2887 884 2940 l’rincipi
923 2888 963 2926 in
996 2887 1177 2939 quolibet
1211 2887 1357 2934 officio,

440 2953 512 2980 seu
531 2940 574 2979 in
594 2940 774 2993 qualibet
802 2942 994 2994 dignitate
1015 2941 1208 2995 palatina,
1231 2942 1356 2988 civili,

439 3002 511 3034 aut
548 2995 708 3035 militari
744 2995 1008 3045 deserviebat,
1038 2996 1075 3035 ei
1107 3003 1133 3020 “
1158 2996 1358 3037 militare''

437 3049 663 3096 dicebatur,
699 3050 868 3105 ejusque
914 3065 999 3092 esse
1036 3051 1239 3091 “milesff’
1290 3053 1360 3091 Du

439 3105 580 3159 Cange
601 3104 706 3157 (vid.
725 3106 797 3146 inf.
818 3107 847 3145 l.
867 3106 922 3146 ix.
941 3120 976 3146 c.
1000 3108 1041 3146 8.
1070 3106 1181 3159 Aug.
1203 3106 1253 3146 de
1271 3107 1362 3147 Civ.

439 3160 537 3208 Dei,
559 3175 598 3200 v.
618 3160 684 3213 6.)
707 3161 813 3201 unde
842 3162 985 3202 dicitur
1005 3167 1031 3184 “
1056 3162 1181 3201 Miles
1210 3161 1352 3201 utrius-

436 3229 515 3269 que
527 3214 706 3255 militiae''
717 3218 787 3269 qui
804 3224 997 3256 armatam
1012 3217 1217 3271 profitetur
1238 3216 1355 3256 simul

438 3277 477 3311 et
493 3271 696 3311 literatam
712 3285 783 3311 seu
798 3271 985 3325 legalem.
1012 3271 1354 3327 Carpent.Suppl.

508 3331 527 3353 ¹·
559 3326 693 3366 Natus
720 3334 781 3366 est
809 3328 928 3368 A.D.
959 3329 1056 3368 251.
1096 3327 1189 3369 Vid.
1226 3327 1276 3368 de
1309 3342 1356 3368 eo

436 3379 654 3421 Athanasii
692 3381 791 3422 Vita
828 3384 868 3423 S.
909 3382 1075 3422 Antonii
1117 3384 1228 3437 Opp.
1268 3390 1297 3424 t.
1333 3384 1360 3423 i.

437 3449 477 3489 p.
499 3436 581 3476 793
599 3450 689 3490 sqq.
717 3438 937 3478 Tillemont
956 3438 1062 3478 Hist.
1092 3439 1204 3479 Eccl.
1234 3445 1264 3478 t.
1295 3438 1360 3478 vii.

438 3505 480 3545 p.
518 3492 572 3531 46
612 3506 700 3545 sqq.
755 3493 968 3548 Repertor.
1007 3493 1192 3534 Britann.
1239 3501 1270 3534 t.
1305 3494 1362 3534 ix.

436 3560 477 3599 p.
508 3547 576 3585 41.
608 3548 700 3586 158.
729 3549 827 3588 277.
890 3550 1016 3589 Plura
1050 3548 1279 3590 testimonia
1311 3549 1361 3590 de

437 3601 513 3641 hoc
542 3614 661 3655 opere
689 3603 732 3642 S.
753 3602 978 3652 Athanasii,
999 3618 1022 3644 e
1052 3605 1207 3646 caeteris
1235 3603 1358 3660 patri·

438 3656 515 3695 bus
542 3656 735 3698 exhibent
759 3659 846 3699 ΡΡ.
868 3659 1082 3700 Benedict.
1109 3659 1138 3699 l.
1158 3673 1196 3700 c.
1217 3674 1258 3715 p.
1278 3662 1359 3700 785

439 3722 526 3764 sqq.
545 3711 654 3753 unde
673 3713 809 3767 colligi
827 3719 958 3768 potest
973 3714 1115 3770 quanti
1133 3715 1358 3758 Antonium

1421 2721 1637 2764 Christiani
1650 2731 1799 2765 veteres
1810 2723 2042 2764 habuerint.
2073 2724 2178 2764 Eum
2200 2722 2335 2778 appel·

1417 2776 1476 2815 lat
1496 2778 1606 2830 Aug.
1626 2787 1653 2804 “
1674 2786 1859 2820 sanctum
1890 2786 1931 2819 et
1949 2779 2170 2833 perfectum
2193 2782 2334 2827 virum,

1417 2832 1485 2884 qui
1516 2835 1600 2874 sine
1630 2834 1716 2875 ulla
1748 2834 1920 2874 scientia
1954 2834 2177 2873 litterarum
2212 2835 2334 2888 scrip-

1418 2894 1526 2926 turas
1564 2888 1734 2930 Divinas
1778 2897 1816 2930 et
1864 2888 2088 2928 memoriter
2135 2889 2334 2929 audiendo

1415 2943 1603 2989 tenuisse,
1639 2951 1679 2984 et
1716 2945 1931 2998 prudenter
1968 2944 2177 2997 cogitando
2215 2944 2334 2984 intel-

1415 2997 1555 3038 lexisse
1571 2999 1857 3053 praedicatur.''
1876 2999 1928 3038 de
1950 2999 2093 3040 Doctr.
2115 2998 2334 3041 Christian.

1422 3052 1577 3106 Prolog.
1598 3055 1633 3106 §.
1655 3055 1697 3093 4.

1474 3112 1489 3134 ⁸
1521 3109 1617 3151 Vid.
1637 3109 1851 3149 Athanasii
1871 3109 1966 3150 Vita
1986 3110 2028 3151 S.
2045 3111 2196 3151 Anton.
2217 3111 2332 3162 §.54-

1414 3163 1483 3203 56.
1502 3177 1588 3218 sqq.
1636 3165 1854 3204 Tillemont
1884 3165 1911 3206 l.
1943 3179 1980 3207 e.
2013 3174 2086 3206 art.
2107 3167 2149 3207 7.
2172 3166 2334 3221 Repert.

1417 3217 1518 3259 Brit.
1540 3219 1569 3259 l.
1590 3232 1628 3260 c.
1649 3234 1690 3274 p.
1710 3221 1790 3260 577
1811 3234 1901 3275 sqq.

1469 3274 1484 3301 ¹
1518 3273 1757 3328 Requirant‚
1791 3289 1914 3330 quam
1943 3290 2136 3331 magnum
2161 3276 2243 3316 illic
2271 3275 2338 3329 [in

1418 3330 1616 3383 AEgypto]
1648 3344 1806 3384 gregem
1837 3332 2015 3386 colligat,
2035 3339 2228 3387 quantam
2257 3345 2335 3371 nu·.

1419 3384 1686 3426 merositatem
1707 3393 1932 3427 sanctorum
1953 3395 2074 3442 atque
2104 3394 2330 3428 sanctarum

1418 3438 1567 3480 habeat
1586 3443 1927 3483 contemnentium
1949 3443 2106 3496 penitus
2122 3442 2332 3483 mundum.

1420 3495 1532 3535 Grex
1564 3495 1633 3536 ille
1663 3504 1818 3537 tantum
1849 3499 1985 3546 crevit,
2015 3506 2060 3538 ut
2091 3498 2211 3538 etiam
2241 3496 2333 3537 inde

1418 3550 1713 3604 superstitiones
1731 3553 1940 3607 expulerit.
1982 3554 2088 3606 Aug.
2099 3553 2225 3593 Serm.
2241 3552 2333 3592 138.

1415 3606 1450 3657 §.
1478 3607 1541 3646 lO.
1584 3607 1773 3648 Florebat
1795 3610 1996 3663 AEgyptus
2015 3621 2064 3648 ea
2083 3612 2339 3663 tempestate,

1414 3674 1495 3700 non
1524 3661 1653 3701 solum
1689 3662 1854 3703 eruditis
1881 3663 1921 3703 in
1952 3663 2182 3704 Christiana
2207 3660 2336 3714 philo·

1414 3715 1554 3772 sophia
1588 3716 1696 3767 viris,
1729 3732 1864 3762 verum
1904 3718 2024 3760 etiam
2063 3718 2125 3759 his
2155 3716 2225 3772 qui
2262 3724 2338 3770 per
