2378 4134
339 200 408 249 27
415 199 446 246 4
817 193 873 247 S.
913 191 1358 247 AUGUSTINI
1398 192 1756 249 EPISCOPI

133 339 240 378 Mat.
255 339 320 386 10,
330 329 633 396 prophetae,
657 326 763 380 iste
795 327 1099 381 mercedem
1125 327 1278 397 justi
1313 317 1567 394 accipiet.
1646 327 1767 380 Nec
1795 326 1973 379 solum
1999 325 2093 390 ait,
2124 324 2237 382 Qui

134 395 199 439 ⁴¹·
221 394 286 435 ‘¹²'
334 417 564 468 calicem
601 431 758 485 aquae
775 415 1014 485 friyidae
1042 419 1238 482 potum
1277 412 1494 469 dederit
1535 415 1639 469 ‘ceni
1672 432 1744 467 ex
1781 414 2031 466 minimis
2062 414 2234 471 meis.‚2

337 501 435 556 sed
468 501 700 568 addidit,
734 508 957 556 tantum
995 503 1055 554 in
1094 502 1316 555 nomine
1352 500 1632 569 discipuli.
1710 502 1788 555 Et
1826 500 1905 554 sic
1945 498 2232 571 adjunxit:

335 592 504 644 Amen
544 591 667 644 dico
704 591 866 656 vobis,
903 609 1014 644 non
1053 590 1251 659 perdet·
1292 590 1596 657 mercedem
1635 608 1811 644 suam.
1889 590 2095 642 Datum
2135 596 2234 653 est,

331 681 606 747 suscipere
647 681 1004 747 prophetam,
1053 679 1330 745 suscipere
1375 677 1620 747 justum,
1661 679 1949 747 porriyere
2005 678 2232 729 calicem

330 787 487 840 aquae
512 769 750 838 friyidae
788 767 1098 837 discipu103
1138 765 1348 818 fructus
1380 771 1582 830 autem,
1607 767 1668 818 in
1694 768 1915 818 nomine
1933 766 2236 833 prophetoe,

328 858 390 908 in
435 857 656 908 nomine
693 855 864 924 justi,
907 856 968 906 in
1014 855 1235 905 nomine
1287 852 1551 920 discipuli
1602 852 1710 906 hoc
1759 853 1951 906 facere.
2031 853 2235 904 Fructu

125 957 150 993 :3
177 954 279 1008 Reg
328 942 573 1013 pascitur
599 941 756 994 Elias
783 960 815 994 a
840 940 1008 994 vidua
1036 940 1241 994 sciente
1270 939 1421 1010 quod
1446 938 1723 993 hominem
1753 940 1861 994 Dei
1885 946 2152 1010 pasceret,
2181 947 2237 992 et

327 1038 551 1101 propter
587 1030 695 1083 hoc
735 1038 1015 1100 pasceret:
1075 1049 1174 1101 per
1215 1048 1439 1083 corvum
1486 1037 1667 1083 autem
1715 1029 1842 1083 dato
1887 1030 2232 1100 pascebatur.

329 1120 448 1172 Nec
478 1118 701 1171 interior
734 1118 910 1183 Elias,
938 1117 1035 1171 sed
1074 1118 1313 1171 exterior
1347 1118 1695 1188 pascebatur,
1723 1116 1819 1187 qui
1845 1122 2036 1186 posset
2061 1115 2226 1168 etiam

327 1205 452 1259 talis
480 1205 591 1259 cibi
620 1211 866 1273 egestate
895 1205 1189 1275 corrumpi.

123 1307 313 1369 XXVII.
401 1298 488 1345 4-2.
530 1292 778 1364 Ideoque
824 1292 1006 1345 dicam
1053 1292 1203 1363 quod
1248 1310 1435 1345 verum
1481 1299 1564 1344 est
1609 1309 1791 1345 coram
1836 1298 1908 1357 te,
1951 1289 2229 1342 Domine:

123 1364 450 1472 (ἕζὲῖξὲξοιιῐιι
484 1381 737 1434 homines
776 1380 965 1433 idiotae
1005 1388 1170 1451 atque
1206 1379 1478 1445 infideles,
1515 1379 1717 1450 quibus
1749 1376 2032 1431 initiandis
2068 1386 2230 1447 atque

121 1481 230 1537 0910}
324 1468 605 1523 lucrandis
644 1468 958 1521 necessaria
999 1473 1128 1520 sunt
1162 1474 1505 1520 sacramenta
1538 1466 1835 1532 initiorum,
1871 1471 1926 1517 et
1957 1463 2234 1531 magnalia

119 1531 271 1626 {¹3:³25
327 1558 734 1621 miraculorum,
763 1575 886 1626 quae
915 1555 1137 1607 nomine
1162 1557 1406 1622 pisciemz
1435 1561 1489 1606 et
1514 1560 1758 1606 cetorum
1793 1551 2093 1621 significari
2119 1569 2230 1603 cre-

326 1642 563 1709 dimus*‚
593 1644 904 1713 suscipiunt
935 1642 1290 1712 corporaliter
1314 1641 1660 1705 reficiendos,
1687 1648 1782 1694 aut
1814 1641 1872 1691 in
1907 1640 2093 1709 aliquo
2129 1656 2232 1689 usu

323 1733 611 1803 praesentis
646 1733 772 1785 vitae
814 1731 1155 1802 adjuvandos
1186 1749 1385 1804 pueros
1424 1738 1566 1796 tuos,
1593 1749 1719 1783 cum
1745 1729 1803 1781 id
1832 1747 1997 1800 quare
2027 1727 2229 1780 sacien-

325 1821 457 1873 dum
485 1821 573 1885 sit,
602 1827 656 1873 et
682 1838 791 1891 quo
818 1820 1090 1890 pertineat
1122 1820 1408 1888 ignorent3
1449 1837 1550 1871 nec
1578 1818 1659 1870 illi
1687 1818 1822 1870 istos
1847 1822 2101 1887 pascunt,
2127 1834 2230 1868 nec

325 1907 416 1959 isti
463 1909 531 1959 ab
579 1907 691 1959 illis
736 1917 1071 1978 pascuntur:
1142 1908 1273 1977 quia
1315 1925 1417 1960 nec
1463 1907 1543 1958 illi
1584 1907 1704 1959 haec
1753 1913 1942 1959 sancta
1988 1912 2042 1957 et
2082 1911 2232 1958 recta

322 1995 604 2047 voluntate
631 2002 956 2066 operantum
998 2014 1100 2048 nec
1140 1995 1231 2048 isti
1272 2013 1458 2046 eorum
1499 1994 1658 2059 datis,
1689 1996 1785 2047 ubi
1826 1995 2059 2048 fructum
2094 2013 2229 2046 non-

323 2081 454 2134 dum
494 2081 700 2147 vident,
742 2084 1012 2135 laetantur.
1093 2081 1232 2134 Inde
1278 2082 1485 2152 quippe
1526 2083 1740 2135 animus
1780 2082 2042 2152 pascitur,
2083 2081 2229 2134 unde

321 2170 552 2221 laetatur.
633 2171 710 2221 Et
734 2169 860 2221 ideo
888 2169 1070 2239 pisces
1097 2176 1151 2221 et
1178 2168 1284 2221 ceti
1310 2187 1421 2220 non
1450 2176 1743 2221 vescuntur
1767 2169 1927 2233 esciS‚
1956 2187 2093 2238 quas
2117 2187 2228 2221 non

326 2256 594 2324 germinat
632 2256 739 2308 nisi
769 2256 885 2327 jam
919 2263 1060 2308 terra
1096 2257 1164 2308 ab
1199 2255 1560 2308 amaritudine
1595 2256 1926 2309 marinorum
1963 2256 2228 2308 fluctuum

326 2343 587 2397 distincta
613 2351 777 2414 atque
806 2343 1055 2396 discreta.

118 2447 309 2484 XXVIII
402 2436 490 2484 43.
531 2433 609 2484 Et
634 2430 838 2495 vidisti,
866 2431 1040 2494 Deus,
1061 2430 1247 2481 omnia
1274 2448 1397 2500 quae
1425 2429 1624 2493 fecisti,
1645 2438 1698 2482 et
1725 2449 1847 2484 ecce
1874 2430 2010 2483 bona
2037 2431 2224 2490 valde,-

115 2499 169 2592 {¹1¹
185 2512 270 2593 “³1
269 2564 279 2592 t
326 2519 457 2589 quia
482 2526 536 2572 et
562 2537 664 2571 nos
689 2517 973 2571 videmus*
1003 2536 1085 2581 ea,
1113 2525 1168 2569 et
1193 2535 1314 2568 ecce
1339 2519 1525 2570 omnia
1551 2517 1690 2571 bona
1716 2518 1890 2570 valde.
1946 2520 2014 2571 In
2043 2518 2227 2586 singu-

119 2612 210 2648 ‘1'111'2
323 2608 391 2660 lis
420 2609 711 2676 generibus
739 2626 965 2678 operum
997 2614 1231 2672 tuorum,
1260 2626 1386 2659 cum
1415 2606 1652 2660 dixisses
1684 2613 1745 2660 ut
1776 2607 1970 2660 fierent
2003 2614 2058 2660 et
2085 2608 2229 2661 facta

119 2666 307 2774 ,1,ζίἑῖἰέ
324 2704 521 2760 essent,
561 2695 698 2748 illud
744 2703 909 2766 atque
952 2693 1129 2747 illud*
1171 2695 1362 2746 vidisti
1407 2697 1542 2765 quia
1588 2695 1784 2748 bonum
1827 2702 1923 2748 est.
2011 2695 2229 2765 Septies

102 2779 578 2871 ζεῖξὸὲιῑωιιιιιηθηιν
586 2786 603 2836 i
625 2785 891 2854 sciiptum
914 2803 1032 2838 esse
1062 2792 1113 2838 te
1139 2785 1338 2837 ‘cidisse
1356 2786 1490 2854 quia
1517 2785 1714 2838 bonum
1735 2791 1815 2837 est
1841 2785 2219 2855 quodfecisti:

116 2890 229 2927 valde
323 2880 378 2924 et
410 2873 518 2925 hoc
558 2879 813 2926 octavum
852 2880 952 2938 est,
983 2872 1116 2942 quia
1145 2872 1338 2924 vidisti
1371 2874 1558 2925 omnia
1597 2891 1715 2942 quoe
1737 2873 1972 2942 fecisti;
2015 2879 2071 2924 et
2102 2890 2226 2925 ecce

117 2945 197 2984 &a
323 2977 433 3011 non
462 2961 639 3011 solum
665 2961 829 3025 bona,
858 2958 955 3011 sed
981 2958 1145 3011 etiam
1177 2959 1337 3010 valde
1371 2957 1508 3010 bona
1546 2965 1807 3028 tanquam
1835 2958 1998 3010 simul
2023 2959 2223 3011 omnia..

324 3047 470 3098 Nam
498 3047 719 3114 singula
750 3052 962 3098 tantum
989 3044 1126 3096 bona
1154 3051 1339 3108 erant3
1380 3044 1541 3097 simul
1568 3051 1749 3097 autem
1774 3046 1961 3096 omnia
1987 3051 2042 3096 et
2067 3044 2224 3109 bona,

324 3141 378 3192 et
395 3133 569 3184 valde.
651 3134 779 3184 Hoc
807 3130 1035 3184 dicunt*
1065 3130 1230 3182 etiam
1254 3129 1488 3199 pulchra
1524 3148 1758 3200 quaeque
1794 3149 2054 3201 corpora3
2094 3134 2225 3202 quia

322 3220 487 3287 longe
519 3219 691 3272 multo
727 3217 1014 3288 pulchrius
1053 3222 1136 3269 est
1169 3234 1370 3285 corpus
1395 3216 1545 3287 quod
1581 3235 1653 3269 ex
1685 3218 1943 3271 membris
1977 3220 2224 3288 pulchris

323 3306 579 3359 omnibus
607 3313 841 3370 constat,
868 3323 1034 3375 quam
1059 3304 1183 3373 ipsa
1208 3304 1452 3357 membra
1488 3304 1705 3372 singula
1740 3323 1972 3376 quorum
2007 3306 2223 3360 ordina-

322 3395 532 3447 tissimo
562 3400 837 3448 conventu
864 3394 1170 3463 completur
1202 3393 1535 3458 universum,
1564 3395 1814 3463 quamvis
1845 3402 1900 3448 et
1933 3395 2030 3449 illa
2059 3396 2223 3450 etiam

324 3482 646 3551 singillatim
671 3482 903 3552 pulchra
929 3480 1038 3533 sint
1054 3483 1081 3531 ².

381 3634 395 3661 t
426 3634 530 3674 Sane
552 3647 631 3674 non
652 3640 714 3674 est
735 3633 985 3694 negligenter
1006 3638 1250 3686 praetereun-
1306 3632 1412 3674 enim
1433 3632 1483 3674 de
1509 3632 1678 3687 singulis
1703 3641 1851 3687 ageret.
1871 3631 2032 3675 dicebat
2050 3638 2221 3679 tantum

325 3687 421 3728 dum
435 3690 543 3743 quod
553 3689 703 3730 dictum
723 3695 797 3738 est,
803 3689 874 3729 ‘Et
886 3687 984 3728 vidit
994 3688 1107 3728 Deus
1116 3701 1251 3728 omma
1309 3687 1450 3728 ‘Vidit
1465 3688 1577 3728 Deus
1592 3688 1686 3741 quia
1701 3689 1849 3730 bonum
1864 3688 1961 3737 est3’
1974 3701 2068 3729 cum
2083 3694 2217 3728 autem

325 3756 590 3798 quaecumque
609 3745 714 3793 fecit,
729 3757 815 3786 esse
834 3744 943 3785 bona
961 3742 1106 3784 valde’
1142 3743 1249 3785 Cum
1307 3744 1357 3784 de
1377 3744 1562 3786 omnibus
1584 3744 1795 3792 diceretur,
1817 3757 1959 3800 parum
1985 3743 2059 3784 fuit
2087 3741 2219 3784 dicere

2345 763 2355 788 ⁴
2343 681 2372 739 ''L-«1
2331 518 2375 669 35225012?v
2331 456 2337 468 ’
