2378 4134
127 1028 293 1068 XXXI.

117 1083 203 1123 Piis

111 1138 222 1179 idem

326 191 432 238 276
809 189 864 242 S.
906 191 1347 245 AUGUSTINI
1389 191 1747 246 EPISCOPI

327 320 623 374 structione
650 320 947 390 devincti*,
975 324 1232 378 adversus
1258 331 1313 378 te
1337 325 1533 378 iterum
1557 327 1818 380 rebellare
1843 344 1955 379 non
1979 334 2227 397 possent.

325 407 452 460 Alia
477 426 603 460 vero
630 426 732 462 nec
759 409 956 464 fecisse
984 419 1054 478 te,
1080 429 1182 465 nec
1210 411 1433 464 omnino
1467 413 2002 484 compegisse,'sicut
2034 431 2229 467 omnes

325 512 518 548 carnes
543 502 598 548 et
628 495 995 551 minutissima
1030 517 1264 569 quaeque
1304 498 1620 566 animantia,
1646 508 1701 554 et
1727 499 2000 571 quidquid
2028 500 2225 553 radici-

323 583 431 634 bus
468 589 666 636 terram
706 590 883 638 tenet:
946 583 1042 637 sed
1075 584 1333 637 hostilem
1370 591 1609 639 mentem
1647 594 2007 658 naturamque
2042 587 2225 652 aliam,

323 687 436 721 non
491 671 591 722 abs
641 677 694 724 te
747 670 1044 736 conditam,
1096 671 1309 741 tibique
1370 672 1712 739 contrariam,
1763 674 1823 726 in
1880 673 2233 726 inferioribus

322 757 513 810 mundi
549 759 688 813 locis
722 759 828 811 ista
871 758 1093 827 gignere
1129 765 1294 828 atque
1327 758 1571 814 formare.
1650 761 1842 815 Insani
1869 761 2062 815 dicunt
2086 761 2234 825 haec,

322 846 585 917 quoniam
622 865 735 899 non
778 864 878 916 per
922 847 1189 917 Spiritum
1234 854 1390 900 tuum
1433 848 1624 902 vident
1664 868 1831 920 opera
1868 857 1980 915 tua,
2025 868 2127 903 nec
2173 857 2234 902 te

322 941 671 1002 cognoscunt
696 934 755 985 in
781 934 876 986 eiS.

396 1025 485 1072 46.
528 1021 641 1082 Qui
667 1026 848 1073 autem
874 1039 974 1090 per
1001 1021 1267 1091 Spiritum
1295 1033 1447 1076 tuum
1469 1023 1656 1077 vident
1682 1043 1763 1089 ea,
1786 1031 1845 1078 tu
1864 1024 2019 1077 vides
2044 1025 2103 1076 in
2131 1024 2230 1077 eis.

322 1110 474 1176 Ergo
502 1127 628 1162 cum
654 1110 843 1163 vident
870 1111 1003 1181 quia
1026 1112 1174 1164 bon-a
1200 1119 1345 1178 sunt,
1372 1119 1433 1164 tu
1460 1112 1613 1165 vides
1642 1113 1774 1183 quia
1802 1115 1953 1166 bona
1979 1119 2132 1165 sunt:
2176 1119 2232 1164 et

115 1195 306 1249 probatur
324 1215 688 1268 quaecumque
725 1205 948 1268 propter
976 1207 1028 1250 te
1054 1199 1295 1268 placent,
1326 1205 1383 1251 tu
1410 1199 1468 1251 in
1495 1199 1574 1252 eis
1601 1198 1828 1269 places*
1848 1221 1860 1263 ;
1902 1208 1957 1253 et
1983 1219 2106 1271 quae
2133 1218 2232 1270 per

114 1250 222 1303 quod

115 1306 207 1345 Deo
220 1305 307 1358 pla-

119 1370 216 1402 cult.

117 1427 258 1468 lCor.

116 1484 306 1532 2,.1112.

118 2083 226 2124 Mat.
240 2084 306 2131 10,

116 2140 184 2178 20.

324 1285 592 1355 Spiritum
632 1294 787 1338 tuum
825 1287 1048 1356 placent
1091 1287 1274 1353 nobis,
1314 1288 1414 1340 tibi
1462 1289 1682 1358 placent
1726 1289 1784 1340 in
1829 1289 2008 1342 nobis.
2093 1289 2232 1345 Quis

322 1375 469 1425 enim
505 1375 610 1426 scit
645 1376 932 1427 hommum
968 1392 1086 1444 quoe
1117 1382 1249 1427 sunt
1286 1378 1541 1440 homini&
1577 1378 1689 1428 nisi
1727 1378 1962 1444 spiritus·
1996 1379 2234 1429 hominis

322 1464 421 1531 qui
445 1463 507 1513 in
534 1463 650 1530 ipso
677 1469 788 1515 est.
779 1461 807 1499 9
849 1464 929 1515 sic
957 1470 1011 1515 et
1038 1482 1156 1533 quce
1185 1465 1299 1516 Dei
1334 1471 1467 1516 sitiit
1501 1482 1658 1517 nemo
1691 1467 1813 1529 scit,
1840 1467 1952 1518 nisi
1985 1466 2234 1533 Spiritus

324 1551 451 1601 Dei.
530 1551 647 1601 Nos
679 1557 887 1614 autem,
915 1550 1115 1620 inquit,
1142 1568 1250 1602 mm
1282 1552 1546 1618 spiritum
1580 1552 1748 1621 liujus
1786 1553 1986 1604 mundi
2017 1554 2235 1619 accepi-

322 1653 463 1700 muS,
504 1636 600 1688 sed
641 1637 920 1703 Spiritum
959 1639 1056 1706 qui
1091 1655 1162 1689 ea:
1202 1639 1321 1689 Deo
1360 1644 1458 1702 est,
1499 1645 1562 1690 ut
1600 1641 1840 1691 Sciamus
1881 1658 1999 1710 quoe
2038 1659 2074 1691 a
2113 1640 2233 1692 Deo

323 1722 531 1775 donata
558 1730 689 1775 szmt
714 1723 881 1775 nobis.
933 1725 1010 1775 Et
1036 1724 1334 1777 admoneor
1360 1731 1422 1776 ut
1448 1724 1660 1778 dicam:
1701 1728 1733 1753 ‘⁶
1760 1726 1920 1779 Certe
1948 1745 2104 1779 izemo
2128 1727 2236 1778 scit

322 1827 439 1878 quoe
474 1811 586 1862 Dei
621 1817 771 1874 sunt,
801 1812 912 1862 nisi
955 1812 1204 1878 Spiritus
1238 1813 1366 1864 Dei.
1447 1812 1736 1872 Quomodo
1776 1831 1907 1882 ergo
1942 1814 2146 1867 scimus
2179 1820 2238 1866 et

322 1915 425 1949 nos
455 1915 578 1967 quae
607 1916 640 1950 a
666 1898 789 1950 Deo
819 1896 1020 1950 donata
1056 1906 1184 1950 sunt
1216 1899 1377 1951 nobis
1396 1897 1447 1950 ?”
1501 1900 1891 1969 Respondetur
1925 1900 2063 1952 mihi
2098 1919 2233 1972 quo-

322 1984 470 2037 niam
501 2004 624 2054 quae
650 2003 750 2054 per
776 1983 893 2055 ejus
932 1984 1197 2054 Spiritum
1235 1985 1456 2051 scimus,
1486 1987 1650 2039 etiam
1680 1988 1756 2040 sic
1784 2006 1941 2040 nemo
1975 1990 2097 2052 scit,
2123 1989 2235 2040 wisi

327 2076 577 2143 Spiritus
621 2076 749 2127 Dei.
831 2075 988 2128 Sicut
1028 2076 1174 2128 enim
1214 2082 1359 2128 recte
1406 2075 1615 2128 dictum
1652 2083 1751 2143 est,
1790 2079 1917 2130 Non
1957 2079 2104 2130 enim
2146 2095 2234 2129 vos

323 2165 452 2215 estis
494 2164 591 2233 qui
633 2164 944 2231 loquimini,
981 2162 1060 2214 eis
1102 2162 1198 2232 qui
1231 2162 1290 2213 in
1329 2162 1436 2214 Dei
1479 2163 1689 2232 Spiritu
1727 2166 2111 2235 loquerentur3
2153 2165 2232 2218 sic

322 2259 468 2306 recte
498 2251 715 2316 dicitur,
743 2253 758 2278 ⁶
789 2254 916 2304 Non
947 2270 1045 2304 vos
1072 2252 1203 2304 estis
1231 2252 1327 2322 qui
1356 2253 1542 2318 scitis,'
1569 2253 1648 2305 eis
1678 2255 1773 2325 qui
1799 2254 1858 2306 in
1886 2255 1994 2307 Dei
2023 2256 2235 2324 Spiritu

323 2340 519 2393 sciunt.
602 2339 980 2392 Nihilominus
1014 2339 1183 2407 igitur
1219 2349 1363 2392 recte
1392 2339 1609 2405 dicitur,
1637 2343 1651 2367 ⁶
1681 2342 1812 2394 Non
1847 2361 1944 2394 vos
1973 2343 2102 2396 estis
2138 2345 2235 2414 qui

324 2426 557 2491 videtiS,'
586 2426 665 2478 eis
694 2426 790 2497 qui
817 2427 875 2478 in
904 2426 1115 2496 Spiritu
1140 2426 1250 2478 Dei
1277 2425 1498 2478 vident:
1536 2427 1615 2480 ita
1642 2427 1915 2499 quidquid
1940 2429 1998 2480 in
2028 2430 2238 2500 Spiritu

325 2514 434 2566 Dei
475 2514 663 2566 vident
703 2515 838 2583 quia
881 2512 1078 2565 bonum
1121 2519 1221 2576 est,
1261 2530 1375 2563 non
1407 2512 1535 2582 ipsi,
1573 2513 1667 2565 sed
1713 2515 1868 2567 Deus
1907 2516 2057 2568 videt
2098 2519 2234 2587 quia

325 2600 522 2653 bonum
550 2607 646 2653 est.
706 2599 876 2652 Aliud
903 2618 1031 2667 ergo
1060 2606 1160 2663 est,
1181 2605 1242 2650 ut
1267 2606 1425 2669 putet
1452 2600 1686 2671 quisque
1711 2603 1916 2654 malum
1943 2621 2062 2656 esse
2083 2604 2234 2674 quod

325 2689 529 2739 bonum
561 2694 661 2750 est,
690 2688 880 2757 quales
910 2685 1210 2756 supradicti
1239 2694 1399 2750 sunt,
1442 2671 1609 2752 aliud,
1637 2695 1698 2740 ut
1726 2688 1875 2758 quod
1899 2690 2107 2743 bonum
2135 2699 2235 2756 est,

325 2775 509 2826 videat
537 2775 705 2826 homo
734 2775 870 2844 quia
897 2773 1094 2826 bonum
1122 2780 1228 2837 est,
1262 2771 1426 2836 (sicut
1451 2775 1638 2827 multis
1666 2781 1759 2828 tua
1787 2783 2032 2829 creatura
2050 2779 2236 2847 placet

327 2863 461 2930 quia
498 2860 635 2913 bona
676 2867 774 2926 est,
815 2860 1017 2931 quibus
1049 2867 1232 2912 tamen
1271 2878 1383 2911 non
1421 2867 1480 2912 tu
1517 2862 1706 2930 places
1743 2862 1802 2914 in
1838 2881 1920 2927 ea,
1949 2863 2093 2916 unde
2125 2863 2233 2917 frui

328 2948 505 3014 magis
543 2948 669 3016 ipsa
708 2966 870 3017 quam
912 2954 964 2998 te
1004 2947 1196 2998 volunt
1213 2949 1247 3014 3)
1306 2946 1455 2998 aliud
1502 2954 1701 3012 autem,
1748 2955 1808 3000 ut
1851 2967 1976 3002 cum
2023 2950 2234 3020 aliquid

327 3034 475 3086 videt
510 3034 678 3086 homo
706 3035 840 3103 quia
868 3033 1063 3085 bonum
1100 3039 1200 3096 est,
1226 3034 1382 3085 Deus
1417 3033 1476 3084 in
1511 3033 1608 3085 illo
1642 3035 1828 3086 videat
1864 3037 1998 3105 quia-
2034 3036 2231 3089 bovium

330 3128 439 3180 απ,-
475 3129 536 3174 ut
563 3121 775 3174 scilicet
800 3121 893 3173 ille
921 3128 1129 3174 ametur
1154 3120 1211 3171 in
1241 3138 1303 3172 eo
1332 3120 1483 3190 quod
1508 3120 1639 3174 fecit
1658 3131 1688 3188 ²,
1712 3122 1805 3192 qui
1830 3141 1942 3174 non
1966 3132 2235 3177 amaretur

334 3301 374 3334 et
389 3302 485 3335 nott.
491 3296 509 3349 ]
525 3295 687 3350 quando
701 3295 850 3349 primus
862 3307 999 3335 eorum
1013 3293 1131 3334 homo
1143 3300 1253 3334 tene-

1312 3294 1420 3335 tione
1440 3295 1609 3349 ponatis.
1626 3296 1752 3337 sedin
1767 3296 1890 3337 stellis
1910 3297 2096 3337 omnibus
2116 3297 2230 3337 colli-

334 3351 495 3390 brarum
516 3357 674 3404 gentem
695 3350 903 3391 elementis
927 3349 1141 3390 fallacibus
1168 3349 1253 3389 irri-

1311 3358 1449 3402 gatum
1470 3364 1554 3391 esse
1582 3350 1738 3400 dicatis,
1759 3351 1854 3405 quia
1874 3352 2062 3393 videlicet
2080 3352 2229 3415 princi·

334 3406 446 3452 tavit,
468 3407 674 3459 utriusque
695 3420 815 3446 sexus
834 3405 1081 3460 principibus
1105 3404 1253 3445 ibidem

334 3461 477 3515 captis,
499 3475 590 3502 curn
608 3474 658 3500 ex
678 3460 735 3502 eis
754 3462 929 3501 mundus
945 3467 1253 3508 construeretur

333 3516 543 3571 plenosque
576 3529 713 3558 eorum
748 3516 790 3556 in
825 3515 1062 3556 coelestibus
1094 3515 1254 3556 fabricis

333 3572 558 3625 colligatoS.
602 3571 712 3626 Aug.
741 3584 777 3612 c.
809 3572 944 3612 Faust.
973 3571 1027 3612 vi.
1058 3572 1099 3612 8.
1158 3572 1255 3611 Non

332 3627 580 3672 erubescitis,
594 3639 684 3667 cum
698 3640 768 3667 vos
785 3626 1101 3667 commentitium
1115 3626 1254 3668 Chris·

334 3687 418 3720 tum
452 3690 642 3728 vestrum,
678 3682 801 3722 filium
837 3680 1103 3723 commentitii
1138 3681 1255 3734 primi

332 3735 506 3778 hominis
534 3738 666 3783 vestri,
696 3751 775 3778 non
800 3738 875 3778 sub
906 3737 1036 3778 stellae
1066 3736 1254 3777 testifica-

1311 3404 1427 3468 pibus
1444 3407 1696 3447 tenebrarum
1711 3407 1967 3448 commixtum
1977 3421 2062 3448 esse
2073 3407 2230 3448 creditis

1311 3460 1354 3500 in
1373 3460 1446 3501 illo
1465 3461 1586 3506 bello,
1604 3475 1685 3515 quo
1704 3462 1788 3516 ipse
1810 3462 1959 3517 primus
1971 3462 2090 3502 homo
2099 3469 2230 3503 vester

1310 3529 1403 3556 cum
1432 3518 1685 3557 tenebrarum
1716 3524 1833 3570 gente
1866 3517 2074 3573 pugnavit,
2104 3524 2149 3558 ut
2177 3517 2230 3558 de

1310 3571 1403 3634 ipsis
1437 3571 1684 3635 principibus
1718 3574 1974 3613 tenebrarum
2010 3573 2083 3612 tali
2118 3585 2231 3614 com-

1311 3626 1501 3667 mixtione
1527 3627 1653 3682 captis
1671 3628 1846 3669 mundus
1866 3627 2143 3670 fabricaretur.
2169 3627 2228 3667 ib.

1366 3742 1390 3764 2
1422 3738 1473 3777 Et
1498 3737 1676 3779 videmus
1707 3738 1811 3788 haec,
1827 3745 1868 3780 et
1894 3739 1926 3780 si
1955 3745 2016 3780 est
2042 3737 2084 3777 in
2113 3734 2236 3775 nobis
