2378 4134
362 154 468 204 158
598 138 601 141 ’
837 151 893 206 S.
931 150 1378 207 AUGUSTINI
1403 150 1776 216 ,EPISCOPI

359 283 679 338 aviditatem
716 285 1001 339 tenerioris
1041 285 1247 351 aetatis3
1301 291 1358 339 et
1395 284 1577 356 ipsam
1619 285 1926 356 puellarum
1964 284 2114 338 sitim
2149 284 2262 339 for-2

357 371 548 423 mabat
585 369 658 424 ad
698 371 993 425 honestum
1035 371 1280 438 modum,
1315 378 1379 424 ut
1405 371 1526 442 jam
1568 390 1671 426 nec
1714 372 1911 425 liberet
1954 370 2105 442 quod
2145 389 2259 426 non
2322 357 2327 370 ι

361 456 594 510 deceret.

438 547 523 596 18.
564 545 642 597 Et
669 551 1004 614 surrepserat
1027 551 1231 611 tamen,
1259 544 1402 598 sicut
1422 545 1560 597 mihi
1585 545 1703 597 filio
1729 546 1935 598 famula
1957 552 2054 598 tua
2075 563 2257 600 narra-

357 633 470 698 bat,
499 638 832 701 surrepserat
869 631 922 683 ei
958 632 1274 685 vinolentia.
1354 633 1500 684 Nam
1539 651 1666 686 cum
1704 632 1771 685 de
1806 651 1973 698 more,
1998 624 2285 703 tanquam⁷
2318 636 2325 650 ⁴·

356 719 545 789 puella
571 718 772 780 sobria,
791 717 1076 788 juberetur
1114 736 1147 770 a
1183 717 1505 787 parentibus
1533 717 1600 771 de
1628 737 1814 789 cuppa
1838 719 2027 771 vinum
2066 718 2259 790 depro-
2306 756 2318 774 -.

355 823 520 871 mere,
574 804 848 857 submisso
899 806 1102 874 poculo
1155 824 1267 875 qua
1317 804 1552 875 desuper
1609 812 1779 876 patet,
1829 807 2153 877 priusquam
2200 807 2261 860 in
2302 792 2321 836 ’ἶ

356 894 709 961 lagunculam
746 892 999 946 funderet
1035 911 1262 958 merum,
1287 893 1619 963 primoribus
1655 894 1824 947 labris
1863 896 2119 957 sorbebat
2144 895 2261 947 exi-
2319 940 2329 956 ,.

359 999 547 1048 guum,
575 980 706 1050 quia
730 999 842 1032 non
871 987 1085 1050 poterat
1110 981 1363 1050 ampliuS,
1393 999 1558 1034 sensu
1580 989 1883 1035 recusante.
1961 984 2092 1034 Non
2117 981 2263 1034 enim

357 1069 471 1119 ulla
497 1065 828 1120 temulenta*
858 1067 1118 1137 cupidine
1151 1067 1389 1121 faciebat
1425 1069 1551 1133 hoc,
1579 1068 1676 1122 sed
1716 1069 2046 1140 quibusdam
2077 1087 2262 1139 super·
2312 1103 2314 1108 ·
2376 1082 2378 1086 '

356 1155 656 1207 fluentibus
685 1155 860 1208 aetatis
888 1156 1229 1220 excessibus,
1258 1156 1355 1226 qui
1377 1156 1604 1209 ludicris
1630 1157 1872 1209 motibus
1898 1157 2184 1221 ebulliunt,
2210 1162 2267 1210 et
2299 1173 2303 1176 ’
2363 1187 2366 1190 -

354 1242 413 1293 in
439 1242 745 1312 puerilibus
780 1243 978 1295 animis
1015 1242 1282 1313 majorum
1312 1243 1553 1312 pondere
1587 1243 1762 1313 premi
1798 1244 1988 1296 solent.
2067 1245 2265 1314 Itaque

358 1329 428 1383 ad
467 1329 605 1381 illud
639 1330 919 1383 modicum
957 1330 1279 1400 quotidiana
1311 1331 1530 1384 modica
1569 1330 1840 1396 addendO,
1869 1332 2129 1401 quoniam
2169 1331 2265 1401 qui

153 1414 284 1510 {3501}-
355 1417 572 1469 modica
597 1419 828 1484 spernit,
845 1419 1132 1484 paulatim
1158 1418 1385 1482 decidit,
1402 1418 1459 1468 in
1488 1436 1606 1470 eam
1633 1418 2085 1470 consuetudinem
2109 1419 2268 1486 lapsa
2370 1437 2378 1499 ,Ι

211 1502 222 1522 ’
277 1500 287 1510 ’
359 1511 489 1569 erat,
516 1515 577 1556 ut
614 1523 786 1574 prope
818 1504 935 1575 jam
973 1505 1167 1573 plenos
1206 1523 1355 1557 mero
1396 1505 1659 1557 caliculos
1698 1505 1972 1557 inhianter
2009 1503 2264 1556 hauriret.

359 1592 476 1644 Ubi
503 1600 631 1643 tunc
664 1610 837 1659 sagax
866 1610 1021 1655 anUS,
1050 1597 1104 1643 et
1127 1592 1421 1644 vehemens
1446 1592 1542 1643 illa
1566 1592 1866 1660 prohibitio
1890 1591 1908 1644 ?
1977 1589 2267 1661 Numquid

356 1680 577 1730 valebat
603 1676 814 1747 aliquid
842 1677 1101 1730 adversus
1124 1678 1385 1729 latentem
1410 1679 1677 1742 morbum,
1703 1678 1811 1730 nisi
1846 1685 1940 1731 tua
1973 1678 2266 1743 medicina,

357 1767 620 1831 Domine,
648 1766 901 1833 vigilaret
927 1785 1091 1836 super
1126 1766 1270 1819 nos?
1336 1768 1580 1820 Absente
1617 1774 1770 1837 patre
1805 1774 1860 1819 et
1892 1775 2061 1819 matre
2089 1774 2143 1819 et
2166 1785 2267 1818 nu-

357 1855 656 1918 tritoribuS,
696 1862 755 1907 tu
792 1873 1053 1924 praesenS,
1096 1855 1191 1925 qui
1232 1856 1446 1920 creasti,
1488 1855 1584 1925 qui
1622 1874 1806 1920 vocaS,
1835 1855 1930 1925 qui
1969 1855 2133 1907 etiam
2170 1871 2269 1923 per
2326 1905 2331 1908 .

357 1943 686 2012 praepositos
714 1941 737 1964 *
760 1942 1014 1994 homines
1040 1943 1175 1994 boni
1203 1942 1414 2012 aliquid
1440 1942 1557 2011 agis
1586 1942 1655 1994 ad
1684 1942 1986 1994 animarum
2020 1942 2268 2005 salutem,

361 2029 496 2100 quid
523 2036 653 2081 tunc
683 2028 862 2096 egisti,
891 2030 1046 2081 Deus
1085 2027 1278 2081 meus?
1351 2029 1514 2082 Unde
1557 2026 1794 2082 curasti?
1838 2029 1984 2081 unde
2025 2027 2264 2081 sanasti?

361 2119 562 2169 Nonne
590 2116 866 2187 protulisti
887 2115 1084 2167 durum
1110 2123 1164 2168 et
1190 2124 1409 2169 acutum
1437 2135 1509 2168 ex
1534 2118 1702 2168 altera
1729 2116 1912 2168 anima
1939 2116 2269 2180 convicium,

361 2211 623 2274 tanquam
661 2203 988 2256 medicinale
1026 2203 1226 2256 ferrum
1262 2223 1333 2256 ex
1374 2203 1605 2256 occultis
1633 2203 2037 2273 provisionibus
2064 2203 2191 2267 tuis,
2219 2209 2274 2255 et

361 2310 472 2343 uno
499 2291 615 2344 ictu
640 2290 987 2360 putredinem
1013 2290 1165 2343 illam
1191 2290 1491 2360 praecidisti
1515 2289 1532 2343 ?
1586 2290 1806 2342 Ancilla
1831 2290 1979 2342 enim
2005 2309 2132 2342 cum
2162 2308 2272 2360 qua

363 2380 576 2431 solebat
592 2378 850 2431 accedere
868 2378 939 2430 ad
956 2397 1213 2448 cuppam,
1232 2379 1457 2447 litigans
1477 2398 1602 2432 cum
1622 2379 1844 2431 domina
1863 2379 2088 2443 minore,
2108 2384 2170 2430 ut
2188 2378 2269 2443 fit,

363 2468 482 2519 sola
495 2486 620 2519 cum
634 2468 769 2531 sola,
782 2466 868 2537 obj
877 2466 985 2519 ecit
998 2467 1104 2518 hoc
1119 2467 1341 2531 crimen,
1354 2466 1694 2519 amarissima
1704 2466 2058 2518 insultatione
2067 2483 2272 2519 vocans

360 2553 760 2606 meribibulam.
840 2554 964 2613 Quo
998 2554 1096 2606 illa
1135 2554 1354 2606 stimulo
1392 2572 1655 2625 percussa
1690 2553 1936 2623 respexit
1974 2552 2273 2605 foeditatem

363 2659 536 2705 suam,
565 2640 964 2710 confestimque
999 2641 1280 2694 damnavit
1315 2648 1480 2712 atque
1515 2641 1688 2694 exuit.
1768 2640 1926 2693 Sicut
1952 2639 2115 2692 amici
2142 2639 2272 2692 adu-

359 2728 537 2779 lantes
571 2734 904 2797 pervertunt,
943 2728 1022 2780 sic
1057 2728 1268 2780 inimici
1301 2728 1582 2795 litigantes
1616 2729 1940 2797 plerumque
1980 2726 2272 2793 corrigunt.

363 2815 484 2866 Nec
513 2820 574 2866 tu
602 2814 754 2884 quod
787 2833 886 2884 per
924 2832 1018 2867 eos
1058 2815 1195 2882 agiS,
1233 2814 1331 2867 sed
1369 2814 1518 2885 quod
1553 2814 1663 2883 ipsi
1690 2815 1994 2878 voluerunt,
2020 2812 2274 2864 retribuis

362 2901 458 2953 eis.
538 2903 644 2953 Illa
678 2901 825 2953 enim
864 2903 1002 2954 irata
1041 2901 1321 2969 exagitare
1360 2902 1631 2971 appetivit
1674 2901 1941 2952 minorem
1978 2898 2273 2964 dominam,

360 3006 475 3040 non
503 3007 726 3041 sanare:
770 2995 824 3041 et
847 2989 973 3040 ideo
1003 2989 1275 3053 clanculo,
1304 2995 1398 3041 aut
1424 2988 1556 3058 quia
1580 2988 1658 3039 ita
1685 3005 1777 3040 eas
1811 2987 2094 3038 invenerat
2118 2988 2276 3039 locus

363 3084 418 3130 et
457 3085 674 3147 tempus
712 3077 844 3140 litis,
881 3081 976 3129 aut
1013 3094 1083 3127 ne
1123 3076 1259 3127 forte
1301 3082 1354 3127 et
1391 3075 1515 3144 ipsa
1551 3074 1952 3144 periclitaretur
1989 3073 2139 3144 quod
2166 3079 2275 3125 tam

365 3183 483 3217 sero
510 3163 860 3233 prodidisset.
939 3165 1013 3215 At
1038 3170 1116 3227 tu,
1140 3163 1399 3227 Domine,
1427 3168 1604 3214 rector
1629 3161 1874 3214 coelitum
1888 3158 1932 3226 *,
1961 3168 2015 3213 et
2038 3169 2273 3214 terreno-

362 3270 501 3316 rum,
555 3250 624 3303 ad
676 3269 809 3303 usus
850 3256 974 3302 tuos
1020 3255 1389 3318 contorquens
1433 3247 1707 3318 profunda
1746 3247 2018 3311 torrentiS,
2061 3248 2275 3299 fluxum

364 3339 689 3392 saeculorum
736 3337 984 3390 ordinate
998 3334 1022 3357 ³*
1060 3337 1453 3400 turbulentum,
1487 3336 1653 3387 etiam
1699 3335 1766 3387 de
1813 3336 2035 3388 alterius
2076 3335 2271 3387 animae

364 3423 611 3478 insania¹‘
659 3425 864 3479 sanasti
904 3426 1165 3488 alteram,
1219 3441 1290 3476 ne
1326 3423 1620 3493 quisquam
1660 3441 1784 3476 cum
1822 3423 1930 3475 hoc
1970 3420 2278 3486 adverterit,

419 3552 445 3584 k
476 3553 613 3593 Multa
646 3553 752 3593 enim
786 3555 889 3594 fiunt
927 3566 951 3594 a
983 3553 1102 3593 malis
1133 3552 1292 3606 quidem
1351 3551 1563 3607 praescivit,
1595 3552 1765 3592 tendant
1794 3550 1927 3592 omnia
1959 3563 2050 3605 quae
2078 3546 2277 3589 voluntati

365 3616 503 3648 contra
539 3609 786 3650 voluntatem
828 3609 929 3656 Dei3
974 3609 1045 3648 sed
1081 3617 1203 3649 tantae
1235 3616 1295 3648 est
1349 3607 1439 3662 ejus
1477 3607 1659 3647 videntur
1698 3607 1875 3648 adversa.
1955 3606 2065 3659 Aug.
2096 3604 2147 3644 de
2190 3602 2280 3644 Civ.

365 3663 435 3703 ille
455 3663 665 3718 sapientiae
687 3672 887 3719 tantaeque
908 3664 1077 3707 virtutis.
1103 3665 1205 3704 utin
1225 3676 1294 3704 eos
1353 3663 1446 3711 Dei,
1466 3663 1497 3704 l.
1520 3663 1615 3703 xxii.
1637 3676 1670 3703 c.
1692 3665 1732 3703 2.

364 3720 497 3758 exitus
517 3719 597 3759 sive
618 3718 716 3760 fines
737 3733 836 3773 quos
855 3721 981 3760 bonos
999 3726 1040 3760 et
1053 3719 1182 3773 justos
1211 3718 1293 3774 ipse
