2378 4134
546 227 1150 284 CONFESSIONUM
1188 224 1427 278 LIBER
1466 225 1566 276 IX.
1879 226 1980 275 163

126 365 257 419 talia
281 366 505 434 saperet,
531 368 691 430 atque
714 358 841 411 inde
878 377 963 410 me
995 359 1238 411 intuens:
1279 354 1313 381 “
1341 353 1499 418 Vide,
1525 354 1618 418 ait,
1645 353 1778 423 quid
1805 353 1984 406 dicit.''

129 452 204 504 Et
234 466 360 501 mox
397 445 686 500 ambobus:
741 445 774 471 “
802 444 1011 509 Ponite,
1043 441 1240 512 inquit,
1264 440 1369 492 hoc
1395 457 1591 508 corpus
1615 439 1982 510 ubicumque3

125 534 262 588 nihil
298 550 394 585 vos
431 530 546 600 ejus
584 547 711 582 cura
748 530 1062 581 conturbet:
1121 533 1328 578 tantum
1363 523 1500 576 illud
1533 541 1630 575 vos
1654 541 1803 591 rogo,
1829 532 1889 576 ut
1915 523 1984 576 ad

127 618 345 672 Domini
379 618 541 669 altare
577 614 926 667 memineritis
965 614 1072 666 mei
1120 612 1215 665 ubi
1264 611 1360 664 ubi
1402 610 1658 662 fueritis?
1735 611 1984 679 Cumque

124 705 263 756 hanc
298 702 612 755 sententiam
645 701 823 751 verbis
862 700 1059 770 quibus
1083 703 1294 767 poterat
1319 696 1666 765 explicasset,
1692 694 1984 756 conticuit;

126 797 179 841 et
199 789 596 855 ingravescente
622 786 810 836 morbo
838 785 1202 836 exercebatur.

198 878 281 926 28.
319 875 440 940 Ego
486 890 609 924 vero
659 873 901 940 cogitans
953 871 1094 924 dona
1143 878 1252 934 tua,
1304 870 1456 921 Deus
1505 868 1812 934 invisibilis,
1864 886 1985 938 quae

125 959 364 1012 immittis
398 958 451 1008 in
488 957 650 1010 corda
686 957 926 1009 fidelium
954 964 1182 1020 tuorum,
1220 963 1273 1007 et
1307 954 1630 1024 proveniunt
1654 954 1781 1006 inde
1806 955 1988 1022 fruges

125 1043 458 1098 admirabiles
480 1063 492 1107 ;
534 1042 835 1110 gaudebam
862 1049 915 1094 et
942 1042 1138 1109 gratias
1165 1041 1265 1092 tibi
1293 1041 1537 1108 agebam,
1571 1041 1814 1091 recolens
1841 1039 1989 1109 quod

125 1149 390 1193 noveram,
419 1137 620 1200 quanta
645 1148 773 1181 cura
799 1148 1008 1198 semper
1035 1134 1315 1181 aestuasset
1341 1127 1406 1179 de
1436 1128 1683 1195 sepulcro
1712 1126 1859 1196 quod
1885 1126 1988 1179 sibi

123 1216 424 1286 providerat
448 1223 501 1267 et
525 1223 916 1285 praeparaverat
931 1214 1095 1284 juxta
1130 1233 1323 1283 corpus
1361 1214 1459 1264 viri
1496 1213 1594 1265 sui.
1673 1213 1816 1272 Quia
1845 1212 1989 1264 enim

124 1301 276 1353 valde
314 1300 649 1353 concorditer
684 1301 948 1363 vixerant,
986 1300 1043 1351 id
1081 1301 1243 1351 etiam
1282 1301 1516 1363 volebat,
1554 1306 1615 1350 ut
1653 1306 1734 1350 est
1778 1299 1990 1351 animus

123 1386 384 1436 humanus
424 1386 602 1436 minus
645 1403 820 1452 capax
866 1385 1186 1448 divinorum,
1227 1384 1448 1454 adjungi
1500 1384 1570 1435 ad
1616 1384 1767 1435 illam
1818 1383 1989 1435 felici-

123 1476 300 1534 tatem,
340 1476 392 1520 et
430 1470 829 1522 commemorari
875 1470 941 1520 ab
986 1470 1316 1532 hominibUS,
1364 1486 1681 1521 concessum
1724 1467 1828 1519 sibi
1873 1486 1990 1519 esse

123 1563 245 1624 post
267 1557 669 1608 transmarinam
695 1557 1202 1624 peregrinationem,
1228 1562 1288 1606 ut
1316 1555 1606 1625 conjuncta
1643 1562 1780 1606 terra
1806 1556 1989 1606 ambo-

122 1660 237 1694 rum
278 1642 568 1711 conjugum
608 1648 743 1693 terra
780 1648 1058 1708 tegeretur.
1137 1641 1366 1700 Quando
1407 1648 1583 1692 autem
1619 1641 1723 1692 ista
1758 1640 1990 1691 inanitas

122 1728 451 1796 plenitudine
493 1727 752 1778 bonitatis
797 1736 902 1779 tuae
948 1734 1186 1795 coeperat
1230 1727 1287 1777 in
1334 1727 1447 1797 ejus
1494 1726 1655 1778 corde
1701 1744 1810 1776 non
1855 1744 1990 1788 esse,

121 1814 441 1876 nesciebam,
482 1820 534 1864 et
572 1815 793 1865 laetabar
832 1813 1100 1865 admirans
1141 1813 1287 1883 quod
1327 1814 1403 1864 sic
1444 1813 1578 1863 mihi
1618 1810 1987 1881 aperuisset*;

123 1916 431 1968 quanquam
470 1906 522 1950 et
557 1900 613 1950 in
647 1901 739 1950 illo
780 1918 1018 1951 sermone
1052 1906 1234 1950 nostro
1264 1897 1332 1949 ad
1358 1898 1642 1948 fenestram
1682 1915 1804 1949 cum
1832 1896 1990 1958 dixit,

123 1984 155 2009 “
181 1985 301 2035 Jam
348 1984 478 2052 quid
517 1984 606 2035 hic
653 1985 790 2036 facio
815 1984 865 2036 ?''
919 2003 1027 2035 non
1070 1984 1318 2052 apparuit
1359 1982 1660 2033 desiderare
1705 1982 1762 2032 in
1815 1981 1991 2049 patria

121 2069 266 2120 mori.
343 2069 539 2120 Audivi
579 2070 738 2121 etiam
778 2077 984 2138 postea,
1026 2069 1172 2139 quod
1202 2069 1318 2138 jam
1358 2087 1480 2120 cum
1522 2067 1691 2118 Ostiis
1731 2084 1989 2131 essemus,

122 2171 243 2204 cum
281 2154 602 2223 quibusdam
642 2155 828 2206 amicis
871 2156 1007 2206 meis
1047 2161 1289 2205 materna
1327 2153 1530 2205 fiducia
1575 2153 1987 2221 colloquebatur

122 2238 350 2307 quodam
397 2239 481 2290 die
521 2239 586 2290 de
626 2246 938 2308 contemptu
975 2240 1097 2291 vitae
1135 2238 1298 2307 hujus
1350 2247 1402 2290 et
1449 2240 1595 2289 bono
1646 2237 1851 2299 mortis,
1893 2238 1989 2288 ubi

120 2324 235 2392 ipse
261 2342 368 2375 non
395 2325 603 2375 aderam
629 2345 641 2387 ;
680 2326 894 2393 illisque
923 2325 1266 2393 stupentibus
1291 2323 1541 2375 virtutem
1567 2323 1797 2387 feminee,
1826 2341 1987 2391 quam

122 2416 179 2460 tu
230 2410 450 2462 dederas
501 2411 566 2473 ei,
613 2412 1083 2480 quaerentibusque
1133 2418 1308 2462 utrum
1359 2429 1468 2461 non
1520 2409 1828 2460 formidaret
1877 2415 1986 2460 tam

119 2495 279 2562 longe
319 2514 349 2547 a
384 2514 480 2546 sua
506 2496 719 2547 civitate
747 2514 942 2564 corpus
968 2497 1299 2566 relinquere:
1343 2497 1374 2522 “
1405 2496 1577 2558 Nihil,
1604 2495 1798 2564 inquit,
1825 2495 1985 2561 longe

121 2587 202 2630 est
238 2581 388 2642 Deo3
442 2598 615 2648 neque
654 2581 951 2632 timendum
992 2590 1072 2633 est
1107 2600 1176 2632 ne
1214 2583 1305 2632 ille
1343 2599 1455 2631 non
1495 2587 1756 2647 agnoscat
1785 2580 1841 2630 in
1877 2580 1984 2630 fine

123 2666 322 2729 saeculi,
349 2665 489 2716 unde
516 2684 599 2717 me
626 2667 952 2718 resuscitet.''
1028 2668 1175 2733 Ergo
1204 2666 1290 2718 die
1318 2684 1462 2717 nono
1493 2665 1828 2731 aegritudinis
1856 2683 1985 2728 suae,

122 2750 566 2818 quinquagesimo
606 2759 657 2802 et
695 2758 849 2802 sexto
889 2770 1029 2803 anno
1070 2752 1242 2803 aetatis
1282 2770 1411 2813 suae,
1436 2751 1706 2802 tricesimo
1743 2757 1796 2801 et
1827 2750 1983 2801 tertio

123 2834 293 2885 aetatis
319 2841 499 2897 meaeq,
528 2836 706 2887 anima
731 2836 824 2887 illa
848 2837 1103 2903 religiosa
1129 2844 1181 2888 et
1203 2837 1296 2906 pia
1323 2854 1546 2904 corpore
1575 2836 1749 2888 soluta
1776 2843 1870 2887 est.

193 2923 276 2969 29.
318 2921 631 2972 Premebam
659 2923 844 2972 oculos
871 2922 1005 2990 ejus,
1032 2929 1085 2973 et
1112 2923 1418 2973 confluebat
1451 2922 1508 2971 in
1544 2920 1841 2989 praecordia
1864 2939 1985 2972 mea
2043 2933 2146 2974 ΧΙΙ.

123 3004 428 3056 moestitudo
477 3005 690 3072 ingens,
732 3014 784 3058 et
825 3008 1174 3058 transfluebat
1216 3007 1273 3057 in
1314 3007 1615 3074 lacrymas:
1672 3005 1983 3075 ibidemque
2001 2991 2187 3083 ἓουῗιᾙζζ

123 3089 266 3138 oculi
301 3090 406 3140 mei
448 3090 681 3142 violento
723 3092 886 3143 animi
931 3092 1156 3160 imperio
1197 3093 1546 3143 resorbebant
1586 3091 1785 3142 fontem
1829 3109 1982 3142 suum
2002 3099 2049 3137 rit
2070 3112 2171 3138 mor·

123 3189 292 3239 usque
319 3173 386 3224 ad
413 3174 724 3239 siccitatem,
750 3185 803 3228 et
827 3176 884 3227 in
910 3177 1006 3228 tali
1030 3177 1322 3228 luctamine
1348 3176 1503 3227 valde
1531 3177 1669 3227 male
1695 3176 1830 3226 mihi
1857 3182 1981 3227 erat.
2000 3160 2082 3247 ξξῖξ
2100 3167 2185 3194 ma-

124 3255 265 3306 Tum
290 3274 413 3307 vero
438 3259 531 3309 ubi
559 3261 757 3311 efflavit
782 3268 1079 3312 extremum
1093 3258 1135 3325 *,
1160 3279 1294 3328 puer
1320 3260 1632 3311 Adeodatus
1658 3260 1983 3311 exclamavit

123 3340 179 3390 in
204 3341 496 3407 planctum,
523 3351 679 3411 atque
712 3346 778 3395 ab
818 3345 1068 3396 omnibus
1101 3346 1260 3396 nobis
1299 3345 1563 3396 coercitus
1593 3344 1772 3395 tacuit.
1854 3345 1979 3395 Hoc

125 3423 285 3474 modo
322 3425 480 3476 etiam
513 3445 689 3478 meum
727 3428 985 3497 quiddam
1022 3429 1226 3497 puerile
1263 3428 1410 3497 quod
1433 3429 1716 3480 labebatur
1739 3427 1797 3477 in
1823 3429 1981 3479 fletus

178 3594 199 3626 *ἱ
234 3588 348 3628 Hunc
388 3603 592 3630 numerum
635 3605 769 3633 omnes
808 3594 856 3634 ad
896 3607 1020 3633 unum
1075 3607 1174 3638 esse.
1194 3595 1298 3647 quod
1317 3593 1535 3647 suspicatus
1554 3600 1612 3633 est
1632 3594 1768 3634 Caesar
1789 3593 1982 3634 Batonius

125 3643 289 3690 codices,
310 3657 399 3682 cum
419 3644 526 3688 editi,
542 3652 623 3684 tum
644 3646 778 3700 scripti
796 3647 1021 3699 assignant3
1079 3648 1127 3687 ad
1148 3661 1213 3687 an.
1236 3649 1332 3694 388,
1363 3661 1399 3686 n.
1428 3649 1495 3694 71,
1526 3655 1565 3687 et
1595 3649 1635 3688 in
1661 3655 1742 3688 not.
1774 3649 1825 3688 ad
1859 3650 1982 3690 Mart.

126 3697 227 3736 unde
242 3696 468 3750 intelligitur
482 3698 611 3738 locum
626 3699 782 3740 minime
795 3709 1022 3756 corruptum
1078 3700 1140 3741 die
1160 3705 1186 3742 5
1207 3701 1321 3742 Maii.
1363 3702 1444 3754 [ed.
1467 3701 1591 3756 Bem]

1002 3774 1105 3820 ΜΞ
