2378 4134
1186 1367 1458 1453 numm.
1566 1363 1573 1371 ’

535 1517 590 1560 P.
610 1498 741 1572 siju-0
758 1517 842 1561 seb
861 1518 934 1570 25,
953 1519 995 1561 4.
1014 1519 1090 1574 leg.
1114 1519 1182 1570 14,
1202 1519 1245 1560 4.
1262 1531 1286 1560 e
1305 1530 1407 1561 vers.
1422 1523 1506 1561 vet.
2205 1486 2223 1492 ”
2355 1484 2378 1570 Ξ

581 1590 652 1631 30.
667 1603 740 1642 pro
755 1588 905 1631 librum
925 1588 1130 1644 quendam
1149 1587 1361 1632 Ciceronis
1380 1589 1455 1644 leg.
1472 1587 1678 1644 quendam
1699 1590 1902 1642 cujusdam
1919 1586 2014 1632 eie.
2038 1575 2041 1579 Α
2355 1573 2378 1651 ἶ]

552 1660 650 1702 106.
670 1657 744 1702 lin.
765 1659 807 1700 9.
825 1664 990 1711 prount
1006 1658 1082 1713 leg.
1100 1670 1150 1701 ac

663 1729 702 1782 §.
721 1729 764 1769 5.
783 1734 922 1784 antep.
940 1741 1013 1782 pro
1026 1725 1230 1769 infernum
1241 1724 1359 1767 illum
1378 1725 1458 1781 leg.v
1471 1724 1593 1768 illum
1607 1725 1815 1769 infernum

551 1798 646 1841 109.
664 1805 801 1856 antep.
819 1813 890 1853 pro
907 1797 1195 1840 adnuntiatum
1214 1797 1290 1852 leg.
1309 1798 1541 1840 nuntiatum

549 1867 648 1908 135.
663 1872 748 1908 not.
765 1865 797 1908 l.
819 1867 860 1907 l.
877 1879 948 1919 pro
965 1864 1062 1919 igna
1079 1864 1157 1920 leg.
1171 1862 1290 1918 signa

549 1939 644 1980 146.
661 1953 732 1992 pro
751 1938 822 1980 Ps.
841 1938 938 1980 119.
957 1938 1035 1992 leg,
1057 1937 1128 1978 Ps.
1151 1937 1247 1979 129.

551 2009 648 2050 156.
668 2014 753 2050 not.
775 2008 807 2051 f.
823 2006 856 2050 1.
875 2010 919 2049 2.
937 2021 1010 2062 pro
1027 2011 1194 2048 sanetus
1211 2007 1285 2061 leg.
1303 2010 1471 2048 sanatus

551 2079 646 2120 178.
666 2079 702 2132 §.
720 2079 794 2120 22.
813 2078 840 2119 4
854 2077 909 2120 ab
926 2077 999 2120 inf.
1021 2091 1093 2131 pro
1108 2089 1134 2118 e
1152 2075 1340 2119 sensibus
1358 2076 1435 2132 leg.
1451 2088 1478 2117 a
1495 2074 1679 2122 sensibus

546 2150 648 2191 204.
665 2155 750 2190 not.
768 2147 848 2191 eol.
871 2149 909 2190 1.
927 2147 960 2189 1.
977 2149 1016 2189 7.
1035 2140 1089 2188 ab
1107 2146 1183 2190 inf.
1198 2161 1272 2199 pro
1289 2145 1478 2188 damnari
1495 2146 1572 2202 leg.
1590 2143 1781 2186 damnavi

546 2220 648 2262 217.
665 2233 736 2272 pro
753 2218 822 2260 Ps.
839 2218 937 2260 128.
956 2218 1030 2272 leg.
1053 2218 1121 2259 Ps.
1145 2217 1240 2259 138.
1663 2240 1665 2243 -

545 2289 647 2330 231.
667 2288 706 2341 §.
729 2287 795 2328 14.
813 2286 843 2328 1.
862 2287 903 2328 2.
920 2300 993 2340 pro
1009 2286 1260 2327 infirmarum
1279 2286 1356 2339 leg.
1373 2283 1604 2326 infimarum

546 2358 648 2401 234.
665 2357 740 2399 lin.
760 2358 804 2398 8.
821 2359 891 2409 μὴ)
909 2355 996 2398 sine
1012 2355 1125 2396 initio
1141 2354 1250 2396 faeta
1266 2357 1342 2410 leg.
1359 2354 1448 2396 sine
1460 2354 1598 2404 initio;
1628 2352 1740 2396 faeta

659 2429 696 2477 ξ.
715 2427 787 2470 21.
803 2425 836 2469 1.
853 2427 895 2468 2.
911 2440 984 2480 pro
1003 2424 1116 2467 illum
1139 2425 1216 2480 leg.
1233 2423 1345 2466 illam
