2378 4134
375 211 444 261 98
871 207 926 261 S.
963 204 1410 261 AUGUSTINI
1449 205 1811 260 EPISCOPI

2278 0 2378 319 l

373 341 534 395 facile
573 341 643 394 ab
683 340 764 393 eis
800 339 1155 411 praecidenda
1192 346 1277 395 est
1322 339 1573 405 intentio,
1614 339 1746 411 quia
1781 345 1941 408 turpe
1978 343 2064 390 est
2101 337 2172 391 ad
2208 356 2274 392 ea

372 445 588 482 rursum
623 425 814 480 redire.
891 428 1044 481 Ecce
1071 427 1189 500 jam
1220 433 1487 499 quantum
1512 432 1613 492 est,
1637 433 1702 479 ut
1733 425 2050 496 impetretur
2075 423 2274 496 aliquis
2351 430 2354 451 ³

373 514 590 569 honor?
662 521 718 568 et
764 513 901 586 quid
949 515 1189 586 amplius
1235 515 1296 567 in
1343 513 1434 567 his
1483 511 1945 568 desiderandum?
2018 512 2277 582 Suppetit

2322 566 2350 582 e:

301 652 305 655 .
375 603 676 656 amicorum
715 601 982 674 majorum
1027 601 1222 672 copia:
1275 607 1337 654 ut
1372 600 1514 654 nihil
1552 600 1722 668 aliud,
1759 609 1814 654 et
1849 601 2083 654 multum
2127 599 2276 653 festi·
2338 602 2354 662 ξ

374 707 587 755 nemUS,
632 690 718 744 vel
762 689 1091 760 praesidatus
1136 690 1253 743 dari
1296 695 1481 760 potest
1499 711 1513 755 3
1572 697 1628 743 et
1670 690 1923 744 ducenda
1965 707 2109 742 uxor
2151 707 2276 742 cum
2340 687 2355 715 ‘⁴'

376 776 564 848 aliqua
610 779 866 848 pecunia,
907 795 979 830 ne
1021 783 1302 847 sumptum
1345 784 1591 830 nostrum
1642 779 1883 845 gravet'3
1942 782 1998 829 et
2039 776 2132 829 ille
2178 775 2279 829 erit

374 866 573 920 modus
600 866 936 937 cupiditatis.
1001 867 1172 919 Multi
1197 866 1387 935 magni
1412 865 1515 918 viri
1541 873 1595 919 et
1617 865 1922 919 imitatione
1950 863 2278 933 dignissimi,

377 954 665 1025 sapientiae
692 952 874 1007 studio
902 972 1029 1007 cum
1056 954 1388 1026 conjugibus
1415 952 1587 1007 dediti
1609 953 1842 1006 fuerunt.

451 1046 540 1094 20.
583 1041 726 1094 Cum
750 1041 872 1095 haec
909 1041 1180 1106 dicebam,
1209 1048 1264 1094 et
1288 1041 1632 1094 alternabant
1665 1039 1726 1092 hi
1759 1040 1910 1093 venti
1946 1045 2001 1092 et
2032 1038 2279 1109 impelle-

375 1130 512 1180 bant
532 1128 644 1180 huc
670 1134 835 1198 atque
873 1128 1007 1181 illuc
1044 1145 1137 1181 cor
1171 1146 1373 1194 meum,
1400 1128 1705 1181 transibant
1734 1133 1998 1197 tempora,
2024 1133 2080 1180 et
2103 1125 2280 1180 tarda-

375 1217 504 1268 bam
550 1215 794 1268 converti
848 1214 920 1268 ad
965 1215 1287 1283 Dominum,
1331 1222 1386 1268 et
1428 1214 1746 1267 differebam
1791 1214 1858 1267 de
1903 1213 1992 1267 die
2035 1213 2095 1265 in
2136 1213 2283 1266 diem

376 1302 557 1356 vivere
594 1302 653 1354 in
685 1308 757 1369 te,
794 1308 849 1355 et
880 1320 994 1355 non
1032 1301 1352 1356 differebam
1388 1301 1636 1373 quotidie
1669 1301 1729 1354 in
1765 1301 2091 1371 memetipso
2128 1299 2283 1353 mori.

376 1392 585 1444 Amans
620 1392 839 1444 beatam
878 1390 1066 1456 vitam,
1091 1391 1355 1444 timebam
1392 1391 1545 1443 illam
1583 1390 1643 1442 in
1683 1389 1812 1443 sede
1851 1408 1981 1454 sua3
2022 1395 2079 1442 et
2114 1388 2184 1442 ab
2219 1405 2285 1440 ea

376 1479 614 1548 fugienS,
655 1479 970 1550 quaerebam
1019 1497 1155 1532 eam.
1233 1479 1508 1532 Putabam
1555 1478 1703 1531 enim
1750 1496 1839 1531 me
1876 1477 2134 1530 miserum
2171 1475 2284 1528 fore

379 1569 565 1634 nimiS,
593 1567 640 1621 si
665 1567 882 1622 feminae
907 1567 1151 1638 privarer
1179 1569 1558 1638 amplexibus·
1579 1589 1594 1634 ;
1635 1575 1691 1621 et
1714 1567 2045 1621 medicinam
2077 1564 2285 1617 miseri-

382 1654 583 1710 cordiae
610 1661 718 1708 tuae
745 1655 816 1707 ad
842 1655 1090 1708 eamdem
1114 1654 1487 1708 infirmitatem
1508 1655 1808 1708 sanandam
1824 1673 1938 1707 non
1955 1652 2286 1722 cogitabam,

382 1742 517 1814 quia
540 1748 802 1812 expertus
825 1760 939 1795 non
965 1761 1138 1808 eram3
1179 1748 1235 1795 et
1257 1743 1600 1813 propriarum
1624 1743 1823 1796 virium
1851 1742 2140 1796 credebam
2167 1758 2287 1793 esse

383 1829 796 1897 continentiam,
851 1847 1081 1900 quarum
1129 1829 1269 1881 mihi
1316 1847 1430 1882 non
1479 1848 1628 1883 eram
1679 1830 1955 1895 consciUS,
1998 1847 2126 1882 cum
2174 1834 2288 1881 tam

384 1920 584 1973 stultus
611 1937 788 1972 essem
820 1925 884 1972 ut
917 1919 1205 1984 nescirem,
1233 1918 1377 1972 sicut
1411 1920 1678 1992 scriptum
1703 1927 1804 1986 est,
1829 1920 2106 1972 neminem
2133 1934 2289 1986 posse

382 2025 494 2060 esse
531 2009 923 2073 continentem,
961 2008 1075 2060 wisi
1113 2013 1174 2060 tu
1215 2007 1449 2061 dederis.
1528 2009 1739 2080 Utique
1779 2007 1954 2071 dareS,
1995 2006 2041 2059 si
2082 2004 2289 2074 gemitu

382 2095 597 2148 interno
623 2095 917 2165 ¹pulsarem
962 2112 1120 2148 aures
1163 2101 1306 2162 tuaS,
1353 2101 1408 2149 et
1449 2094 1561 2150 fide
1603 2095 1781 2150 solida
1821 2095 1881 2147 in
1928 2100 1980 2147 te
2021 2092 2288 2164 jactarem

386 2200 572 2236 curam
597 2200 792 2235 meam.

219 2277 325 2317 XII·
366 2332 372 2344 .
460 2274 550 2322 21.
576 2269 918 2323 Prohibebat
936 2287 1024 2322 me
1046 2287 1177 2322 sane
1194 2270 1430 2341 Alypius
1449 2272 1517 2324 ab
1538 2289 1711 2324 uxore
1732 2268 2002 2334 ducenda,
2024 2263 2287 2321 cantans*

180 2333 243 2428 gs?
250 2340 371 2429 ῗζῗὲι.
384 2359 539 2411 nullo
573 2357 738 2410 modo
777 2375 881 2410 nos
918 2374 1084 2427 posse
1124 2375 1318 2411 securo
1357 2358 1470 2411 otio
1503 2359 1667 2411 simul
1694 2357 1754 2410 in
1790 2374 1974 2410 amore
2007 2355 2291 2426 sapientiae

181 2445 285 2505 Ajy-
384 2447 585 2510 vivere,
604 2446 748 2498 sicut
764 2443 885 2516 jam
905 2444 1002 2497 diu
1029 2444 1481 2514 desideraremUS,
1502 2446 1549 2499 si
1573 2445 1634 2499 id
1658 2444 1928 2499 fecissem.
1993 2445 2131 2497 Erat
2145 2443 2291 2496 enim

180 2507 351 2609 13(ῖὲᾏὲ
386 2535 507 2605 ipse
532 2533 592 2585 in
618 2552 683 2586 ea
707 2550 764 2585 re
791 2532 958 2585 etiam
991 2539 1123 2585 tunc
1150 2533 1509 2600 castissimUS,
1535 2533 1614 2587 ita
1637 2538 1700 2585 ut
1724 2532 1922 2584 mirum
1947 2536 2122 2596 esset,
2163 2529 2295 2602 quia

181 2612 372 2708 ssffiff-de
388 2622 477 2675 vel
509 2620 913 2693 experientiam
947 2619 1277 2673 concubitus
1305 2626 1525 2691 ceperat
1548 2621 1608 2672 in
1632 2619 1884 2688 ingressu
1909 2618 2294 2672 adolescentiae

183 2724 317 2764 monio
335 2730 375 2763 et
391 2727 523 2774 suae,
565 2708 664 2761 sed
707 2726 820 2760 non
863 2707 1131 2773 haeserat3
1190 2707 1479 2779 magisque
1520 2707 1770 2762 doluerat
1813 2713 1869 2761 et
1908 2713 2202 2779 spreverat,
2241 2710 2297 2760 et

183 2779 299 2875 ζξῇἲ
392 2794 591 2849 deinde
621 2794 740 2866 jam
771 2794 1246 2849 continentissime
1283 2795 1519 2847 vivebat.
1596 2795 1723 2863 Ego
1761 2801 1941 2848 autem
1974 2794 2295 2847 resistebam

391 2883 494 2948 illi,
528 2882 801 2952 exemplis
841 2900 1028 2935 eorum
1069 2881 1166 2952 qui
1205 2881 1485 2953 conjugati
1523 2882 1823 2934 coluissent
1859 2881 2205 2951 sapientiam,
2242 2886 2298 2934 et

392 2969 823 3040 promeruissent
864 2968 1067 3034 Deum,
1111 2973 1166 3021 et
1206 2967 1533 3022 habuissent
1574 2967 1809 3022 fideliter
1856 2986 1920 3021 ac
1973 2966 2298 3021 dilexissent

455 3162 472 3184 ¹
501 3157 606 3198 Vitae
626 3157 750 3212 hujus
772 3157 914 3197 mundi
941 3169 1050 3197 eram
1076 3156 1318 3211 implicatus,
1377 3156 1498 3198 nostri
1521 3155 1766 3212 [Ambrosii]
1787 3163 1828 3197 et
1847 3155 2066 3209 aliquando
2085 3155 2128 3196 in
2147 3167 2295 3198 sermo·

398 3214 650 3254 tenebrosam
670 3227 780 3269 spem
801 3226 954 3267 gerens,
973 3213 1022 3253 de
1052 3212 1319 3267 pulcritudine
1376 3212 1494 3254 nibus
1513 3213 1589 3254 tuis
1612 3212 1864 3266 [Theodore]
1886 3226 1978 3252 cum
2007 3213 2058 3252 de
2080 3213 2171 3253 Deo
2191 3211 2298 3266 cogi-

399 3268 547 3316 uxoris,
568 3270 618 3310 de
638 3281 787 3324 pompa
807 3268 1047 3315 divitiarum,
1061 3269 1110 3309 de
1130 3267 1321 3309 inanitate
1376 3274 1541 3317 taretur,
1563 3268 1660 3309 nihil
1687 3267 1850 3309 omnino
1879 3267 2052 3322 corporis
2079 3281 2164 3309 esse
2190 3266 2297 3322 cogi-

399 3325 614 3371 honorum,
636 3324 855 3378 ceterisque
875 3324 1003 3365 noxiis
1022 3331 1062 3364 et
1089 3323 1321 3378 perniciosis
1376 3327 1560 3369 tandum,
1580 3337 1711 3379 neque
1740 3337 1832 3363 cum
1863 3325 1913 3364 de
1942 3323 2077 3363 anima
2092 3339 2103 3374 ;
2133 3336 2228 3364 nam
2255 3322 2298 3363 id

399 3380 689 3434 voluptatibus.
728 3381 834 3434 Aug.
856 3381 906 3420 de
924 3381 1012 3420 util.
1034 3380 1142 3420 cred.
1165 3381 1201 3431 §.
1222 3380 1261 3419 3.
1375 3387 1434 3420 est
1452 3394 1578 3420 unum
1600 3382 1641 3420 in
1662 3380 1780 3421 rebus
1798 3379 2026 3435 proximum
2049 3379 2152 3420 Deo.
2217 3377 2298 3419 Sed

458 3440 475 3463 ³
506 3436 590 3478 Ubi
648 3435 845 3476 discussos
901 3449 968 3476 eos
1023 3435 1318 3490 [Manichaeos]
1376 3448 1426 3475 ne
1442 3436 1483 3475 in
1499 3435 1759 3491 philosophiae
1777 3435 1970 3489 gremium
1984 3434 2296 3475 celeriteradvo·

399 3492 526 3538 evasi,
571 3492 743 3531 maxime
783 3491 949 3545 trajecto
986 3491 1061 3531 isto
1100 3491 1216 3536 mari,
1251 3490 1320 3531 diu
1377 3490 1516 3538 larem,
1538 3490 1662 3531 fateor
1691 3492 1825 3531 uxoris
1845 3491 2081 3544 honorisque
2108 3489 2298 3530 illecebra

400 3547 678 3600 gubernacula
715 3559 806 3586 mea
842 3545 1107 3600 repugnantia
1134 3546 1321 3587 omnibus
1376 3546 1582 3587 detinebar
1601 3563 1611 3597 ;
1631 3552 1678 3586 ut
1689 3559 1781 3587 cum
1793 3546 1881 3587 haec
1901 3559 2026 3587 essem
2047 3551 2298 3592 consecutus,

400 3601 541 3650 ventis,
580 3602 623 3642 in
670 3601 811 3642 mediis
854 3603 1046 3642 fluctibus
1080 3601 1321 3642 Academici
1378 3608 1463 3642 tum
1484 3603 1645 3643 demum
1667 3615 1745 3649 me,
1767 3603 1876 3658 quod
1905 3600 2044 3657 paucis
2062 3597 2298 3642 felicissimis

400 3663 628 3698 tenuerunt.
671 3657 829 3698 Deinde
841 3657 931 3698 veni
950 3657 993 3698 in
1010 3658 1084 3698 has
1102 3665 1240 3706 terras,
1256 3657 1320 3698 hic
1379 3657 1505 3704 licuit,
1545 3657 1635 3698 totis
1668 3658 1765 3699 velis
1802 3657 2065 3710 omnibusque
2102 3655 2219 3697 remis
2254 3654 2299 3694 in

401 3713 708 3766 septentrionem
747 3713 814 3754 cui
842 3726 906 3754 me
936 3714 1154 3760 crederem,
1187 3712 1322 3754 didici.
1376 3713 1493 3754 illum
1529 3713 1662 3754 sinum
1701 3726 1897 3770 raperem,
1924 3712 2059 3767 ibique
2091 3709 2299 3765 conquies-

402 3766 683 3808 Animadverti
710 3767 816 3808 enim
846 3774 885 3808 et
914 3782 1020 3822 saepe
1050 3768 1089 3809 in
1109 3768 1322 3810 sacerdotis
1379 3781 1523 3810 cerem.
1555 3768 1664 3823 Aug.
1683 3769 1733 3811 de
1754 3769 1834 3811 vita
1851 3769 1985 3815 beata,
2006 3769 2041 3820 §.
2063 3767 2103 3807 4.
