2378 4134
570 219 1172 274 CONFESSIONUM
1209 219 1448 273 LIBER
1484 221 1582 273 VI.
1935 224 2001 273 91

156 354 278 425 quis
296 351 559 421 gaudeat„
601 350 890 404 Gaudebat
912 351 1193 404 mendicus
1217 350 1308 403 ille
1331 350 1654 414 vinolentia;
1692 357 1753 403 tu
1773 351 2005 419 gaudere

153 438 409 508 cupiebas
445 435 628 504 gloria.
704 437 827 496 Qua
860 437 1046 504 gloria,
1073 435 1347 489 Domine?
1413 436 1548 496 Quae
1584 453 1696 488 non
1729 443 1812 490 est
1841 437 1900 488 in
1932 444 2002 490 te.

154 525 295 576 Nam
334 521 473 575 sicut
507 521 641 574 illud
677 539 860 574 verum
901 521 1155 590 gaudium
1191 539 1303 574 non
1340 527 1468 586 erat,
1497 522 1575 574 ita
1609 540 1712 574 nec
1749 522 1845 575 illa
1878 541 2006 578 vera

152 609 342 676 gloria3
382 613 435 659 et
459 607 688 677 amplius
714 608 955 660 vertebat
978 615 1210 661 mentem
1234 626 1425 660 meam.
1490 609 1567 660 Et
1590 607 1682 659 ille
1706 608 1828 676 ipsa
1843 615 2004 661 nocte

149 694 448 761 digesturus
481 699 593 746 erat
625 693 932 746 ebrietatem
959 712 1143 758 suam3
1182 712 1283 762 ego
1309 713 1431 747 cum
1460 711 1582 747 mea
1605 693 1923 746 dormieram
1949 699 2003 746 et

147 799 490 844 surrexeram,
510 787 563 832 et
588 779 910 834 dormiturus
936 788 990 834 et
1016 789 1344 835 surrecturus
1371 800 1512 834 eram
1526 802 1540 847 3
1579 780 1702 833 vide
1730 786 1864 850 quot
1888 780 1998 833 die·

146 867 261 917 bus,
336 867 566 918 Interest
596 884 719 918 vero
756 866 900 919 unde
928 868 1050 937 quis
1087 867 1333 934 gaudeat,
1362 868 1495 931 sci0,
1520 873 1574 919 et
1601 866 1857 934 gaudium
1884 866 2001 935 spei

145 950 318 1002 fidelis
354 950 843 1020 incomparabiliter
883 951 1046 1005 distat
1082 954 1149 1005 ab
1188 953 1284 1004 illa
1321 953 1592 1016 vanitate3
1646 952 1741 1004 sed
1779 959 1833 1004 et
1870 959 1998 1005 tunc

143 1035 373 1088 distabat
419 1036 557 1087 inter
603 1055 718 1089 nos,
795 1038 1065 1089 Nimirum
1105 1038 1306 1108 quippe
1349 1039 1440 1090 ille
1479 1037 1686 1091 felicior
1721 1044 1850 1104 erat,
1886 1056 1998 1090 non

143 1126 345 1172 tantum
383 1120 529 1190 quod
564 1121 832 1173 hilaritate
871 1122 1306 1191 perfundebatur,
1333 1142 1457 1175 cum
1492 1142 1593 1191 ego
1626 1123 1768 1177 curis
1794 1124 1995 1176 evisce-

139 1223 310 1269 rarer;
373 1225 554 1259 verum
605 1207 784 1273 etiam,
831 1208 977 1277 quod
1026 1210 1116 1260 ille
1165 1210 1304 1261 bene
1355 1209 1594 1279 optando
1639 1210 1998 1279 acquisiverat

138 1291 336 1356 vinum,
364 1310 464 1359 ego
490 1292 797 1344 mentiendo
825 1295 1130 1363 quaerebam
1165 1295 1407 1364 typhum.
1486 1295 1624 1347 Dixi
1660 1302 1788 1347 tunc
1826 1298 1997 1349 multa

137 1376 193 1427 in
218 1377 318 1428 hac
346 1378 609 1429 sententia
635 1378 810 1430 charis
835 1379 985 1443 meiS,
1013 1386 1066 1430 et
1092 1398 1235 1448 saepe
1269 1379 1611 1433 advertebam
1644 1382 1702 1432 in
1738 1382 1826 1434 his
1861 1401 1994 1451 quo-

135 1461 292 1513 modo
318 1463 450 1514 mihi
488 1470 662 1526 esset3
703 1471 755 1516 et
778 1464 1118 1517 inveniebam
1156 1467 1294 1518 male
1329 1467 1465 1518 mihi
1495 1485 1630 1531 esse,
1658 1473 1711 1518 et
1744 1467 1995 1520 dolebam

135 1553 188 1598 et
213 1547 660 1617 conduplicabam
698 1550 875 1618 ipsum
908 1552 1064 1602 male.
1140 1552 1215 1602 Et
1241 1552 1286 1603 si
1312 1551 1444 1622 quid
1477 1552 1740 1605 arrisisset
1771 1571 1992 1622 prospe-

133 1650 267 1696 rum,
297 1633 527 1685 taedebat
560 1634 980 1703 apprehendere,
1014 1636 1143 1705 quia
1179 1655 1318 1705 pene
1351 1638 1670 1707 priusquam
1708 1645 1991 1704 teneretur,

133 1718 392 1769 avolabat.

214 1806 293 1852 11.
332 1803 876 1869 Congemiscebamus
901 1807 958 1857 in
984 1806 1052 1857 iis
1080 1808 1171 1876 qui
1199 1809 1357 1859 simul
1383 1810 1554 1862 amice
1580 1810 1912 1875 vivebamuS,
1938 1819 1990 1864 et
2049 1821 2152 1861 VII.

134 1886 366 1938 maxime
394 1906 455 1939 ac
485 1887 892 1942 familiarissime
929 1910 1049 1943 cum
1083 1894 1282 1962 Alypio
1314 1902 1366 1946 et
1393 1894 1656 1947 Nebridio
1686 1896 1792 1948 ista
1823 1898 1986 1949 collo·
2004 1873 2113 1982 1²2¹„ss
2135 1943 2160 1970 a

132 1974 359 2041 quebar:
402 1992 626 2042 quorum
653 1975 882 2044 Alypius
916 1995 985 2028 ex
1025 1977 1230 2043 eodem,
1260 1998 1366 2048 quo
1402 1998 1519 2047 ego,
1548 1988 1693 2033 ortus
1727 1989 1840 2034 erat
1871 2002 1985 2035 mu·
2005 1984 2166 2043 Circen-

127 2057 347 2125 nicipi0,
372 2059 682 2126 parentibus
715 2061 1034 2129 primatibus
1067 2064 1504 2133 municipalibUS,
1530 2085 1615 2118 me
1641 2068 1816 2119 minor
1838 2076 1982 2121 natu,
2001 2051 2158 2133 igffnia

130 2143 270 2193 Nam
305 2150 357 2194 et
391 2143 663 2197 studuerat
701 2146 845 2214 apud
878 2166 980 2210 me,
1010 2167 1132 2200 cum
1165 2150 1223 2200 in
1260 2157 1443 2203 nostro
1484 2151 1675 2204 docere
1710 2155 1853 2222 coepi
1888 2173 1983 2224 op-
2001 2161 2162 2210 eonver-

125 2226 271 2295 pido,
298 2234 351 2278 et
374 2236 560 2297 postea
586 2231 927 2298 Carthagini:
970 2241 1021 2284 et
1057 2233 1316 2302 diligebat
1348 2254 1433 2287 me
1472 2239 1715 2301 multum,
1745 2239 1893 2309 quod
1932 2209 2058 2291 eim'

125 2313 296 2364 bonus
323 2320 376 2364 et
399 2313 588 2366 doctus
614 2316 817 2367 viderer
839 2337 851 2379 ;
891 2325 944 2370 et
969 2335 1068 2385 ego
1094 2319 1264 2385 illum,
1291 2330 1507 2390 propter
1539 2343 1791 2391 magnam
1817 2327 1983 2378 virtu-

124 2396 192 2447 tis
217 2397 469 2461 indolem,
498 2418 616 2468 quae
643 2401 698 2450 in
724 2419 831 2451 non
856 2421 1052 2469 magna
1079 2413 1231 2457 aetate
1260 2407 1389 2458 satis
1415 2409 1699 2462 eminebat.
1773 2413 1985 2479 Gmges

125 2487 300 2532 tamen
356 2501 560 2535 morum
623 2485 1145 2554 Carthaginensium,
1199 2491 1396 2559 quibus
1450 2496 1732 2561 nugatoria
1779 2497 1986 2550 fervent

126 2568 446 2632 spectacula,
491 2570 836 2622 absorbuerat
879 2591 999 2623 eum
1045 2574 1100 2624 in
1146 2575 1411 2628 insaniam
1460 2578 1826 2633 Circensium:
1887 2583 1983 2635 sed

126 2668 246 2701 cum
279 2651 335 2701 in
375 2670 437 2703 eo
472 2653 842 2708 miserabiliter
882 2658 1191 2725 volveretur,
1218 2679 1319 2728 ego
1347 2670 1524 2715 autem
1557 2666 1877 2720 rhetoricam
1903 2669 1982 2720 ibi

121 2736 389 2803 professus
426 2740 645 2807 publica
683 2742 869 2794 schola
904 2751 1092 2810 uterer,
1118 2748 1359 2800 nondum
1389 2769 1473 2802 me
1509 2752 1761 2806 audiebat
1785 2762 1845 2807 ut
1868 2775 1980 2809 ma-

123 2821 360 2886 gistrum,
379 2833 595 2893 propter
616 2827 901 2896 quamdam
929 2830 1249 2885 simultatem
1273 2854 1392 2904 quae
1420 2837 1559 2888 inter
1584 2857 1668 2890 me
1695 2848 1747 2892 et
1771 2849 1978 2909 patrem

122 2905 234 2974 ejus
284 2915 395 2959 erat
444 2918 646 2974 exorta,
691 2919 745 2963 et
794 2932 1154 2983 compereram
1202 2920 1348 2988 quod
1389 2922 1590 2974 circum
1633 2925 1982 2980 exitiabiliter

122 3002 338 3059 amaret,
365 3002 418 3046 et
443 2998 669 3062 graviter
693 3001 943 3067 angebar,
972 3003 1118 3072 quod
1143 3012 1345 3058 tantam
1373 3026 1524 3076 spem
1550 3010 1872 3077 perditurus,
1893 3015 1978 3066 vel

122 3076 281 3128 etiam
305 3080 598 3148 perdidisse
623 3085 754 3136 mihi
783 3086 1074 3141 videbatur.
1152 3092 1260 3144 Sed
1286 3095 1539 3146 monendi
1567 3115 1689 3147 eum
1716 3106 1768 3150 et
1794 3100 1978 3169 aliqua

125 3162 438 3216 coercitione
475 3169 757 3221 revocandi
795 3173 944 3226 nulla
981 3182 1092 3227 erat
1130 3177 1305 3245 copia,
1336 3181 1421 3230 vel
1455 3181 1704 3233 amicitiae
1743 3185 1974 3236 benevo-

122 3243 301 3308 lentia,
327 3249 411 3298 vel
439 3249 558 3318 jure
592 3255 897 3321 magisterii.
974 3259 1238 3313 Putabam
1277 3264 1419 3315 enim
1460 3283 1581 3316 eum
1621 3266 1687 3318 de
1725 3286 1811 3320 me
1851 3288 1974 3321 cum

120 3335 270 3395 patre
310 3332 530 3398 sentire3
583 3337 674 3390 ille
711 3358 834 3392 vero
872 3360 981 3394 non
1021 3345 1098 3398 sic
1138 3354 1264 3398 erat.
1342 3350 1536 3418 Itaque
1574 3354 1879 3420 postposita
1916 3355 1974 3406 in

120 3411 222 3464 hac
273 3432 328 3465 re
377 3418 542 3483 patris
590 3424 880 3490 voluntate,
925 3429 1152 3481 salutare
1202 3450 1287 3483 me
1340 3443 1593 3501 coeperat,
1644 3437 1864 3490 veniens
1915 3440 1974 3492 in

120 3496 440 3551 auditorium
467 3520 658 3568 meum,
684 3514 737 3559 et
762 3510 945 3563 audire
971 3513 1178 3582 aliquid
1204 3522 1365 3585 atque
1392 3518 1552 3571 abire.

198 3585 276 3633 12.
320 3584 427 3636 Sed
453 3587 595 3638 enim
621 3589 686 3642 de
712 3595 967 3648 memoria
991 3598 1124 3648 mihi
1149 3600 1361 3668 lapsum
1389 3610 1502 3655 erat
1525 3622 1681 3672 agere
1708 3626 1831 3660 cum
1857 3609 1972 3677 illo,

118 3683 185 3718 ne
227 3686 480 3722 vanorum
524 3673 768 3728 ludorum
814 3697 958 3733 caeco
999 3689 1053 3734 et
1088 3685 1355 3754 praecipiti
1399 3689 1575 3741 studio
1620 3699 1727 3745 tam
1770 3695 1974 3750 bonum
