2378 4134
728 214 983 266 rnnssx
1022 200 1402 265 CAPITUM.

147 349 267 392 xxt.
294 348 414 391 Tmo
436 357 519 391 erat
544 350 744 392 invisibilis
757 354 836 390 ete.
854 351 963 391 varie
980 348 1042 390 in-

197 403 415 446 tellectum.
961 404 1043 444 239

147 456 295 499 ΧΧΙΙ.
322 458 488 512 Aliquid
503 470 586 500 esse
603 470 630 498 a
647 457 739 499 Deo
754 457 972 503 conditum,
993 458 1044 498 de

201 524 282 565 qno
308 512 423 554 sileat
450 513 548 553 liber
575 511 757 559 Genesis,
774 510 872 551 nihil
900 525 1043 567 repug-

199 574 282 606 nat.
960 567 1047 606 240

147 619 321 664 XXIII.
359 620 455 661 Duo
491 620 773 671 dissensionum
816 631 962 673 genera
1002 621 1042 660 in

207 673 293 714 Scri
322 675 416 716 turis
432 675 742 729 interpretandis.
961 676 1040 714 241

149 688 320 770 XX1V¹.³
341 730 400 768 Ex
421 729 554 770 multis
572 729 672 770 veris
689 742 767 769 non
785 729 902 769 debet
919 727 1044 769 fiden-

204 790 263 822 ter
282 783 399 823 asseri
422 783 498 825 hoc
527 791 598 824 aut
626 782 726 825 illud
749 783 911 825 sensisse
929 784 1048 838 Moy·

197 849 280 877 sen.
989 840 1045 878 id.

148 890 287 931 XXV.
315 890 515 934 Adversus
542 906 609 934 eos
635 893 704 946 qui
732 891 898 932 aliorum
925 892 1049 932 inter·

204 945 381 997 pretendi
395 946 583 987 rationem
594 955 740 988 temere
751 947 948 1001 rejiciunt.
967 947 1049 986 242

149 999 314 1040 XXVI.
348 1001 429 1049 Qui
460 1015 585 1042 sermo
619 1003 758 1043 deceat
789 1002 1047 1056 Scripturam.

151 1108 339 1148 XXVII.
375 1109 615 1164 Scripturam
643 1109 758 1150 decet
784 1109 932 1150 humile
953 1109 1047 1150 sirn-

205 1162 374 1216 plexque
393 1166 600 1204 verborum
619 1178 756 1216 genus.
967 1165 1050 1203 244

151 1217 364 1258 XXVIII.
404 1219 460 1258 Ut
488 1219 593 1259 varie
624 1219 854 1272 intelligitur
882 1219 933 1258 ab
961 1231 1050 1259 eru-

204 1270 296 1310 ditis
315 1271 532 1326 Scriptura.
595 1284 598 1287 ’
995 1275 1049 1312 id.

152 1325 313 1366 XXIX.
344 1327 452 1374 Quot
470 1327 595 1367 modis
612 1326 752 1368 dicitur
767 1327 915 1380 aliquid
933 1326 1051 1380 prius.

75 1455 77 1461 ·
153 1433 292 1473 XXX.
333 1435 582 1476 Tractatores
633 1436 845 1490 Scripturae
901 1433 1051 1475 diversa

206 1488 431 1537 sentientes,
458 1490 697 1530 concordent
724 1490 894 1530 invicem
927 1489 1052 1529 chari·

205 1549 284 1582 tate
302 1549 343 1582 et
358 1544 488 1584 studio
508 1545 687 1584 veritatis.
970 1545 1050 1583 247

153 1596 316 1635 XXXI.
356 1598 530 1638 Sensisse
564 1599 761 1652 putandus
795 1603 854 1638 eet
891 1599 1053 1651 Moyses

207 1650 399 1703 quidquid
431 1653 512 1692 veri
544 1660 670 1706 potest
699 1652 740 1692 in
773 1652 895 1707 ipsius
927 1652 1054 1692 verbis

206 1704 386 1745 inveniri.
971 1707 1051 1745 247

155 1759 344 1799 XXXII.
374 1761 469 1801 Veri
490 1761 700 1815 Scripturoe
715 1774 851 1801 sensus
867 1774 889 1800 a
908 1760 1053 1813 Spiritu

206 1821 343 1854 saneto
363 1817 599 1855 revelantur.
972 1815 1053 1854 248

209 1992 265 2030 LI
275 1992 347 2032 BE
357 1992 392 2031 R
424 1993 691 2034 DECIMUS
725 1993 945 2033 TERTIU
956 1991 996 2032 S.

156 2085 193 2123 1.
223 2083 393 2124 Invocat
412 2086 560 2134 Deum,
574 2086 688 2140 cujus
701 2086 877 2127 bonitate
894 2099 935 2126 se
954 2098 1052 2138 prae-

208 2145 368 2177 ventum
389 2139 576 2193 agnoscit.
973 2140 1054 2178 249

153 2192 216 2232 11.
248 2192 449 2233 Creaturae
467 2207 515 2234 ex
536 2194 617 2235 Dei
647 2193 818 2234 bonitate
842 2194 1057 2235 subsistunt

210 2254 251 2287 et
269 2247 534 2300 perficiuntur.
997 2250 1049 2287 id.

154 2301 239 2341 III.
274 2302 336 2340 Ex
357 2302 436 2342 Dei
454 2301 579 2355 gratia
595 2301 741 2342 omnia.
973 2303 1050 2342 251

154 2354 236 2397 IV.
266 2356 378 2395 Deus
396 2370 475 2396 non
494 2364 583 2408 eget
601 2357 718 2396 rebus
736 2355 915 2396 conditis.
1001 2358 1056 2395 id.

158 2410 211 2450 V.
239 2409 411 2450 Trinitas
434 2410 503 2463 qui
531 2411 644 2450 Deus
662 2416 734 2455 est,
752 2422 800 2449 ex
818 2409 951 2463 primis
969 2422 1054 2448 ver-

208 2463 270 2503 bis
285 2464 485 2504 Geneseos
502 2463 750 2516 intelligitur.
973 2465 1054 2503 252

155 2517 233 2558 VI.
263 2518 346 2558 Cur
381 2518 510 2558 dictus
544 2526 604 2560 est
645 2517 814 2572 Spiritus
849 2517 1056 2571 superferri

157 2585 479 2666 VISIF‘ITZffadchZ}
489 2626 654 2680 Spiritus
670 2625 808 2666 sancti.
1002 2575 1058 2666 ziili

157 2679 285 2719 VIII.
316 2681 589 2720 Intellectuali
607 2687 792 2720 creaturae
821 2680 872 2719 ad
899 2679 1058 2719 beatam

211 2734 383 2786 requiem
402 2748 480 2775 non
498 2735 643 2775 sufficit
666 2733 854 2788 quidquid
874 2734 964 2774 Deo
983 2734 1055 2773 mi-

210 2801 286 2827 nus
304 2795 377 2828 est.
975 2790 1058 2827 253

156 2841 235 2880 ΙΧ.
266 2843 349 2883 Cur
380 2842 486 2882 solus
526 2841 695 2896 Spiritus
726 2849 887 2883 sanctus
920 2855 1055 2896 super-

210 2894 409 2936 ferebatur
423 2909 540 2949 super
558 2909 696 2950 aquas.
974 2898 1056 2937 254

158 2950 213 2988 X.
241 2951 303 2990 Ex
322 2950 426 2990 dono
446 2950 526 2990 Dei
545 2951 693 2990 omnia.
1001 2954 1057 2990 id.

158 3003 237 3043 XI.
270 3004 460 3057 Symbola
475 3005 674 3044 Trinitatis
690 3004 728 3044 in
748 3004 919 3045 homine.
975 3006 1058 3045 255

156 3057 261 3097 XII.
290 3058 438 3098 Mundi
460 3060 604 3099 creatio
625 3059 894 3100 formationem
917 3060 1059 3099 Eccle-

210 3111 276 3151 siae
295 3113 535 3166 praefigurat.
972 3115 1055 3153 256

159 3165 287 3205 XIII.
318 3167 542 3207 Renovatio
566 3166 734 3208 bominis
762 3169 855 3208 dum
883 3167 947 3208 hic
962 3168 1056 3208 vivit

211 3221 383 3261 nondum
404 3221 594 3275 perfecta.
974 3224 1054 3262 257

1894 217 1997 262 805

1097 348 1220 390 XIV.
1249 349 1347 390 Fide
1360 354 1402 389 et
1419 360 1491 404 spe
1509 347 1819 388 corroboramur.
1915 346 1999 385 258

1097 403 1194 444 XV.
1225 403 1429 458 Explanat
1451 415 1534 444 ver.
1552 403 1591 441 6.
1616 414 1708 455 cap.
1729 403 1746 440 1
1771 401 1880 441 Gen.
1909 398 2002 439 Fiat

1139 457 1429 509 firmamentum
1451 465 1530 497 etc.
1557 454 1668 505 Quid
1692 455 1999 500 firmamentum,

1154 512 1250 564 quid
1267 511 1484 565 superiores
1502 523 1630 564 aquae.
1944 509 2001 547 id.

1098 565 1220 606 XVI.
1253 565 1372 606 Solus
1393 566 1505 606 Deus
1529 578 1572 605 se
1596 563 1670 605 scit
1699 562 1858 603 omnino
1886 560 2004 656 sicgg

1151 627 1223 660 eet.
1918 617 1944 655 2

1101 674 1248 714 XVII.
1280 674 1328 714 In
1355 687 1438 714 ver.
1467 673 1516 713 9:
1557 672 1843 726 congregentur
1875 683 2000 723 αᾳιιω,

1156 728 1264 777 Quid
1300 742 1424 774 mare,
1462 726 1558 781 quid
1598 725 1724 766 arida.
1769 725 2002 779 Explicatur

1158 796 1240 823 ver.
1265 784 1307 822 ll
1327 800 1335 823 :
1376 782 1571 823 Ger-minet
1589 789 1690 820 terra
1707 785 1785 820 etc.
1947 779 2004 819 id.

1103 837 1275 878 XVIII.
1304 838 1352 877 In
1370 851 1449 878 ver.
1469 838 1541 876 14:
1570 835 1683 874 Fiam
1700 835 1908 874 luminaria
1921 838 2003 872 etc.

1160 893 1263 940 Quae
1292 890 1502 932 luminaria
1528 889 1741 930 dividentia
1765 888 1867 928 inter
1898 886 2002 926 diem

1159 954 1198 985 et
1212 953 1383 986 noctem.
1919 941 1999 981 261

1102 1001 1221 1040 XIX.
1246 1001 1408 1040 Tractat
1420 1000 1602 1041 eumdem
1618 997 1874 1046 versiculum,
1886 997 2004 1036 Fiant

1158 1056 1366 1095 luminaria
1384 1063 1459 1095 etc.
1920 1051 2004 1090 263

1105 1110 1201 1150 ΧΧ.
1232 1111 1283 1150 In
1311 1123 1390 1150 ver.
1407 1111 1489 1150 20:
1535 1109 1754 1148 Producant
1785 1118 1895 1159 aquae
1926 1111 2004 1145 etc.

1161 1166 1263 1212 Quae
1283 1163 1451 1218 reptilia,
1472 1177 1561 1215 quae
1579 1161 1768 1202 volatilia.
1921 1160 2005 1199 264

1107 1218 1229 1258 XXI.
1259 1219 1309 1258 In
1335 1232 1417 1260 ver.
1443 1220 1522 1258 24:
1564 1218 1757 1256 Producat
1791 1222 1891 1254 terra
1918 1217 2005 1253 ani-

1161 1287 1257 1311 mam
1275 1276 1400 1314 vivam
1419 1279 1498 1312 etc.
1923 1270 2005 1309 265

1107 1327 1253 1367 XXII.
1293 1328 1343 1366 In
1372 1340 1452 1367 ver.
1483 1327 1564 1367 26:
1600 1326 1800 1366 Faciamus
1827 1324 2007 1362 hominem

1161 1385 1211 1420 ad
1250 1384 1448 1435 imaginem
1483 1388 1560 1420 etc.
1592 1378 1814 1419 Renovatio
1851 1377 2007 1471 (1)εὲιὲεὲ

1108 1490 1279 1530 ΧΧΙΙΙ.
1319 1490 1369 1528 ln
1417 1487 1600 1528 eumdem
1647 1486 1906 1526 versiculum:
1956 1486 2007 1525 Et

1159 1547 1289 1594 praesit
1316 1546 1474 1594 piscibus
1503 1545 1618 1581 maris
1646 1549 1722 1580 etc.
1767 1541 1834 1580 De
1864 1539 2009 1592 quibus

1162 1598 1398 1638 christianus
1410 1597 1577 1652 judicet.
1952 1597 2008 1633 id.

1110 1653 1271 1692 XXIV.
1301 1654 1349 1692 In
1365 1666 1446 1692 ver.
1461 1654 1514 1691 28
1531 1668 1538 1691 ;
1568 1652 1619 1691 Et
1634 1652 1822 1690 benedixit
1837 1663 1892 1688 eos
1907 1650 2010 1687 Deus

1163 1709 1302 1754 dicens,
1323 1708 1484 1746 Crescite
1503 1714 1577 1745 etc.
1926 1704 2008 1742 270

1111 1762 1249 1801 XXV.
1281 1762 1329 1800 In
1356 1775 1436 1801 ver.
1454 1762 1532 1800 29:
1567 1759 1660 1799 Ecce
1693 1760 1778 1798 dedi
1806 1759 1904 1796 vobis
1932 1772 2008 1795 mn-

1163 1830 1244 1854 nem
1268 1816 1418 1854 herbam
1442 1845 1452 1854 .
1471 1843 1481 1853 .
1503 1844 1514 1854 .
1538 1843 1548 1853 .
1568 1818 1608 1852 in
1625 1827 1742 1853 escum
1762 1820 1839 1854 etc.
1928 1812 2008 1851 272

1110 1870 1273 1910 XXVI.
1305 1870 1501 1923 Voluptas
1519 1877 1558 1908 et
1577 1868 1726 1907 utilitas
1745 1880 1793 1906 ex
1819 1865 2009 1907 beneficio

1110 1937 1441 2026 XXnIsslrfJIQntliird‘
1462 1923 1665 2031 {iiilzigees
1684 1984 1723 2015 et
1742 1982 1846 2015 cetos
1861 1923 2010 2027 signifil:

1164 2041 1289 2071 cetur.
1930 2030 2011 2067 274

1110 2087 1322 2127 XXVIII.
1352 2086 1401 2124 In
1421 2098 1498 2125 ver.
1514 2086 1565 2125 31
1582 2101 1591 2124 z
1629 2084 1679 2124 Ει
1698 2085 1794 2123 vidit
1816 2083 1919 2122 Deus
1935 2097 2010 2121 om-

1163 2144 1230 2180 m'a
1257 2154 1338 2193 quae
1355 2141 1473 2194 ficit,
1501 2148 1538 2179 et
1565 2153 1646 2180 ecce
1676 2140 1768 2178 bona
1797 2138 1904 2178 valde
1932 2144 2010 2176 etc.

1958 2194 2013 2230 id.

1110 2249 1269 2289 XXIX.
1316 2249 1525 2296 Quomodo
1567 2246 1863 2299 intelligendum
1906 2246 2013 2298 quod

1165 2304 1278 2343 Deus
1303 2304 1423 2342 octies
1440 2303 1538 2342 vidit
1563 2302 1666 2342 bona
1687 2313 1769 2340 esse
1788 2312 1908 2354 opera
1925 2312 2013 2392 su7a.

1108 2411 1247 2449 XXX.
1276 2410 1591 2450 Manichaeorum
1611 2407 1762 2449 deliria.
1956 2410 2016 2448 id.

1110 2465 1274 2504 XXXI.
1306 2465 1387 2504 Piis
1425 2464 1527 2504 idem
1561 2465 1750 2518 probatur
1780 2462 1886 2516 quod
1922 2461 2013 2500 Deo

1164 2518 1330 2571 placuit.
1930 2516 2013 2555 276

1111 2573 1299 2612 XXXII.
1330 2572 1579 2626 Compendio
1597 2579 1753 2611 enarrat
1778 2583 1897 2625 opera
1918 2570 2012 2609 Dei.

1115 2679 1329 2721 XXXIII.
1359 2680 1508 2721 Omnia
1524 2681 1575 2720 de
1595 2679 1716 2719 nihilo
1735 2679 1814 2720 sive
1842 2680 1890 2718 de
1917 2691 2011 2717 con-

1167 2742 1302 2775 creata
1319 2735 1496 2775 materia.
1930 2734 2011 2772 278

1114 2790 1320 2829 XXXIV.
1352 2790 1488 2829 Totius
1516 2788 1721 2829 creationis
1753 2787 1887 2826 mundi
1916 2787 2013 2827 alle-

1165 2845 1298 2896 gorica
1315 2844 1518 2898 expositio.
1961 2844 2014 2881 id.

1112 2899 1295 2937 XXXV.
1325 2899 1451 2951 Optat
1469 2910 1621 2952 pacem.
1931 2897 2012 2934 279

1114 2952 1319 2992 XXXVI.
1353 2953 1471 2992 Diem
1488 2952 1696 3005 septimum
1717 2963 1879 3005 vespera
1893 2963 2013 3003 quare

1165 3020 1243 3045 non
1262 3015 1458 3058 sequatur.
1959 3006 2012 3043 id.

1113 3061 1342 3100 XXXVII.
1373 3062 1484 3101 Deus
1510 3060 1551 3099 in
1577 3060 1689 3098 nobis
1706 3059 1863 3112 quando
1883 3058 2011 3110 quies-

1164 3122 1240 3154 cet.
1954 3114 2007 3151 id.

1110 3169 1363 3208 XXXVIII.
1406 3169 1532 3209 Aliter
1573 3168 1700 3215 Deus,
1737 3166 1850 3206 aliter
1895 3165 2012 3205 homo

1168 3222 1273 3262 videt
1294 3232 1439 3262 creata.
1930 3220 2012 3259 280

763 3440 980 3470 EXPLICIT
1003 3440 1145 3469 INDEx
1172 3441 1397 3470 CAPITUM.
