2378 4134
59 0 161 74 'ff‘

551 217 1156 278 CONFESSIONUM
1194 221 1436 275 LIBER
1475 220 1573 273 ΧΙ.
1880 226 1990 275 223

145 358 388 428 simplam
411 372 548 419 esse,
570 354 718 406 illam
743 353 984 424 duplam,
1009 354 1067 406 in
1091 353 1268 422 spatio
1295 351 1504 405 scilicet
1530 353 1802 421 temporis.
1879 353 1990 406 Ne-

145 460 247 514 que
270 441 374 493 hoc
399 456 637 508 possum,
662 439 767 490 nisi
792 439 921 508 quia
953 438 1324 509 praeterierunt
1354 444 1410 490 et
1440 437 1607 489 finitae
1645 446 1785 491 sunt.
1862 440 1990 496 Non

143 545 267 595 ergo
301 525 450 594 ipsas
485 540 606 592 quae
634 522 749 592 jam
786 541 897 575 non
936 531 1077 588 sunt,
1110 521 1207 576 sed
1243 521 1449 592 aliquid
1484 522 1542 573 in
1579 522 1837 575 memoria
1872 541 1992 576 mea

142 610 327 664 metior
348 608 493 678 quod
517 607 750 660 infixum
774 615 970 661 manet.

212 698 298 748 36.
337 695 402 747 In
437 701 506 756 te,
539 693 716 746 anime
746 711 915 758 meus,
946 700 1189 763 tempora
1221 693 1412 746 metior
1422 712 1436 756 3
1474 692 1589 745 noli
1620 691 1756 744 mihi
1790 693 1992 744 obstre-

141 797 285 851 pere:
325 777 472 849 quod
490 784 588 844 est,
606 777 737 830 Noli
762 778 863 831 tibi
890 780 1197 848 obstrepere
1213 778 1386 831 turbis
1403 777 1750 830 affectionum
1765 783 1991 828 tuarum.

142 865 208 920 In
238 871 306 927 te,
336 863 577 932 inquam,
611 869 854 931 tempora
889 863 1105 926 metior3
1157 863 1502 916 affectionem
1537 879 1698 932 quam
1736 880 1821 914 res
1856 879 1991 930 prae-

140 953 399 1002 tereuntes
422 946 479 998 in
505 952 558 998 te
581 946 805 1010 faciunt,
831 955 885 1000 et
910 965 1034 999 cum
1069 947 1175 999 illae
1211 947 1564 1015 praeterierint
1595 953 1792 1011 manet,
1818 947 1993 1015 ipsam

139 1035 325 1090 metior
340 1040 678 1104 praesentem,
695 1051 806 1085 non
826 1033 952 1087 eas*
982 1053 1103 1104 quae
1123 1034 1496 1103 praeterierunt
1519 1042 1580 1087 ut
1604 1034 1778 1087 fieret:
1818 1035 1994 1103 ipsam
2032 1081 2046 1093 ,

138 1121 338 1184 metior,
372 1138 495 1173 cum
531 1126 775 1189 tempora
811 1121 1017 1173 metior.
1093 1121 1243 1187 Ergo
1283 1128 1376 1173 aut
1406 1122 1530 1190 ipsa
1573 1129 1698 1174 sunt
1735 1128 1994 1190 tempora,

139 1215 228 1263 aut
248 1225 356 1259 non
382 1215 623 1275 tempora
646 1207 852 1259 metior.
929 1207 1075 1267 Quid
1101 1226 1224 1260 cum
1250 1208 1500 1260 metimur
1525 1208 1756 1272 silentia,
1782 1216 1838 1260 et
1861 1207 1993 1260 dici-

138 1311 252 1346 mus
279 1292 413 1344 illud
453 1291 726 1344 silentium
765 1298 972 1344 tantum
1010 1293 1247 1344 tenuisse
1290 1294 1566 1362 temporiS,
1602 1301 1863 1363 quantum
1900 1293 1994 1344 illa

137 1399 242 1433 vox
288 1378 489 1432 tenuit?
568 1380 765 1431 Nonne
816 1380 1198 1446 cogitationem
1248 1379 1520 1431 tendimus
1570 1378 1640 1431 ad
1689 1396 1993 1431 mensuram

138 1465 299 1530 vociS,
338 1464 491 1533 quasi
526 1471 754 1528 sonaret,
788 1471 849 1515 ut
885 1463 1093 1533 aliquid
1128 1463 1193 1515 de
1229 1463 1524 1517 intervallis
1564 1465 1896 1516 silentiorum
1936 1465 1994 1515 in

137 1550 304 1620 spatio
330 1549 584 1618 temporis
608 1549 911 1602 renuntiare
936 1549 1208 1618 possimus
1230 1547 1247 1600 ?
1304 1550 1447 1601 Nam
1474 1556 1529 1601 et
1553 1567 1685 1601 voce
1713 1557 1875 1619 atque
1904 1567 1994 1602 ore

139 1642 393 1698 cessante,
418 1634 722 1703 peragimus
749 1634 1037 1701 cogitando
1074 1634 1328 1698 carmina,
1356 1641 1409 1686 et
1433 1653 1617 1687 versus
1644 1643 1696 1687 et
1724 1654 1994 1704 quemque

138 1738 446 1784 sermonem,
471 1719 876 1788 motionumque
911 1718 1275 1770 dimensiones
1306 1720 1593 1788 quaslibet,
1620 1727 1673 1771 et
1699 1719 1765 1772 de
1804 1721 1994 1789 spatiis

135 1812 446 1875 temporum,
473 1811 734 1875 quantum
758 1803 895 1855 illud
921 1803 991 1855 ad
1022 1803 1159 1855 illud
1192 1804 1262 1856 sit
1293 1805 1680 1870 renuntiamUS,
1704 1823 1816 1857 non
1842 1806 1995 1857 aliter

135 1910 195 1945 ac
233 1892 277 1944 si
315 1910 380 1944 ea
417 1890 657 1943 sonando
697 1891 1009 1942 diceremus.
1089 1891 1147 1942 Si
1184 1891 1413 1942 voluerit
1446 1891 1643 1959 aliquis
1682 1891 1838 1942 edere
1876 1892 1991 1942 lon-

136 1977 427 2044 giusculam
462 1995 668 2038 vocem,
706 1984 759 2028 et
795 1975 1131 2028 constituerit
1165 1975 1589 2044 praemeditando
1630 1994 1792 2045 quam
1830 1977 1993 2042 longa

133 2064 302 2116 sutura
351 2063 448 2125 sit3
512 2061 623 2128 egit
670 2062 857 2131 utique
907 2062 1008 2112 iste
1060 2062 1294 2129 spatium
1345 2062 1603 2130 temporis
1652 2062 1709 2113 in
1761 2062 1991 2126 silentiO,

131 2148 503 2217 memoriaeque
524 2147 905 2200 commendans
926 2147 1093 2215 coepit
1117 2147 1270 2199 edere
1295 2147 1445 2200 illam
1463 2166 1650 2200 vocem
1679 2167 1799 2218 quae
1820 2158 1991 2214 sonat,

135 2231 302 2285 donec
340 2232 410 2284 ad
445 2232 783 2301 propositum
821 2233 1104 2284 terminum
1148 2231 1501 2301 perducatur:
1567 2233 1676 2284 imo
1716 2235 1898 2285 sonuit
1938 2242 1991 2285 et

135 2317 368 2380 sonabit3
425 2335 550 2368 nam
595 2317 742 2386 quod
782 2317 896 2387 ejus
931 2317 1044 2387 jam
1085 2326 1361 2385 peractum
1404 2327 1503 2383 est,
1543 2320 1730 2387 utique
1778 2320 1987 2381 sonuit3

135 2403 275 2472 quod
301 2412 477 2456 autem
501 2410 681 2468 restat,
709 2404 944 2455 sonabit:
987 2410 1148 2472 atque
1176 2404 1253 2455 ita
1276 2404 1569 2472 peragitur,
1597 2404 1725 2456 dum
1750 2424 1990 2474 praesens

132 2489 349 2542 intentio
401 2489 635 2541 futurum
685 2491 743 2540 in
786 2489 1113 2557 praeteritum
1157 2488 1372 2557 trajicit,
1415 2489 1772 2542 diminutione
1823 2491 1987 2542 futuri

134 2581 398 2627 crescente
447 2575 736 2644 praeteritO,
777 2574 948 2625 donec
1001 2573 1447 2642 consumptione*
1487 2575 1650 2626 futuri
1696 2576 1766 2627 sit
1816 2583 1986 2628 totum

132 2660 467 2728 praeteritum.

202 2749 286 2797 37.
326 2745 433 2799 Sed
466 2745 735 2816 quomodo
769 2746 1027 2798 minuitur
1064 2754 1156 2798 aut
1188 2747 1520 2798 consumitur
1554 2747 1808 2811 futurum,
1835 2748 1981 2816 quod
1999 2757 2187 2815 Xxvm

132 2830 362 2884 nondum
391 2831 500 2884 est?
542 2839 636 2884 aut
662 2833 931 2902 quomodo
960 2832 1152 2885 crescit
1187 2834 1515 2901 praeteritum
1550 2833 1697 2902 quod
1720 2833 1836 2902 jam
1871 2853 1981 2885 non
1999 2808 2182 2902 22:5¹3&

132 2923 228 2979 est,
262 2916 369 2968 nisi
407 2917 535 2986 quia
571 2918 628 2968 in
667 2918 846 2970 animo
899 2918 991 2987 qui
1040 2917 1176 2968 illud
1216 2918 1327 2984 agit
1362 2919 1464 2970 tria
1503 2917 1658 2970 sunt?
1738 2920 1880 2970 Nam
1930 2927 1983 2971 et
1998 2923 2188 2971 tempora.

132 3008 406 3070 exspectat
431 3010 484 3054 et
510 3003 738 3055 attendit
762 3011 816 3055 et
839 3003 1101 3066 meminit,
1127 3009 1187 3054 ut
1211 3003 1268 3054 id
1295 3003 1441 3072 quod
1467 3011 1765 3072 exspectat,
1791 3023 1887 3073 per
1923 3005 1981 3056 id

133 3085 274 3153 quod
322 3086 567 3150 attendit,
606 3095 842 3140 transeat
877 3088 934 3138 in
970 3087 1029 3138 id
1068 3087 1215 3156 quod
1251 3089 1566 3140 meminerit.
1646 3089 1780 3148 Quis
1818 3090 1984 3155 igitur

130 3178 287 3236 negat
320 3172 495 3223 futura
530 3171 771 3224 nondum
808 3172 957 3224 esse?
1038 3172 1145 3224 Sed
1195 3180 1375 3225 tamen
1417 3173 1534 3241 jam
1578 3181 1660 3224 est
1702 3174 1760 3223 in
1801 3174 1980 3224 animo

131 3257 458 3323 exspectatio
508 3256 821 3308 futurorum.
897 3258 973 3308 Et
1016 3257 1139 3325 quis
1187 3265 1351 3323 negat
1398 3258 1666 3325 praeterita
1706 3258 1821 3326 jam
1870 3275 1980 3308 non

131 3339 273 3392 esse?
353 3341 459 3393 Sed
482 3348 662 3394 tamen
688 3342 865 3394 adhuc
894 3348 976 3393 est
999 3342 1058 3392 in
1083 3342 1262 3393 animo
1288 3342 1543 3393 memoria
1574 3342 1976 3409 praeteritorum.

132 3422 206 3475 Et
228 3424 349 3493 quis
381 3433 544 3493 negat
572 3444 810 3495 praesens
842 3433 1054 3494 tempus
1089 3443 1263 3477 carere
1298 3427 1492 3494 spati0,
1519 3426 1649 3494 quia
1683 3426 1740 3476 in
1774 3434 1978 3494 puncto

131 3509 388 3574 praeterit?
471 3508 579 3562 Sed
619 3519 797 3563 tamen
837 3510 1090 3579 perdurat
1133 3510 1356 3562 attentio
1398 3528 1493 3578 per
1542 3529 1703 3580 quam
1750 3510 1977 3579 pergat*

133 3592 314 3645 abesse
340 3594 487 3665 quod
511 3595 695 3647 aderit.
749 3597 876 3647 Non
900 3595 1065 3662 igitur
1089 3595 1308 3661 longum
1336 3602 1547 3664 tempus
1570 3595 1805 3648 futurum
1831 3597 1980 3667 quod

132 3692 237 3727 11011
273 3686 371 3742 est,
409 3679 504 3731 sed
553 3681 775 3746 longum
826 3681 1060 3731 futurum
1097 3680 1260 3747 longa
1297 3681 1633 3749 exspectatio
1670 3681 1833 3735 futuri
1870 3690 1976 3745 est;
