2378 4134
571 214 1178 278 CONFESSIONUM
1215 224 1455 277 LIBER
1489 213 1656 278 XIII.

137 397 144 406 .
209 385 218 392 -
258 354 346 402 44.
382 351 460 404 Et
482 351 688 405 attendi
704 358 767 405 ut
784 347 1096 420 invenirem,
1115 364 1292 408 utrum
1314 356 1514 425 septies
1539 356 1623 407 vel
1649 355 1816 408 octies
1841 355 2039 409 videris
2065 359 2227 400 xxlx,

189 435 317 506 quia
356 437 502 490 bona
538 440 665 490 sunt
707 454 871 508 opera
907 445 1018 504 tua,
1056 456 1181 493 cum
1218 440 1318 494 tibi
1361 441 1704 511 placuerunt3
1757 449 1812 494 et
1847 441 1906 493 in
1945 447 2041 494 tua
2053 415 2236 508 30ᾛῖζοιῖ

186 521 393 575 visione
417 539 527 575 non
550 523 732 576 inveni
758 530 1016 594 tempora,
1041 543 1140 596 per
1173 543 1296 596 quae
1329 526 1684 594 intelligerem
1710 526 1858 596 quod
1880 526 2040 579 toties
2053 522 2177 616 253¹·

186 605 383 660 videris
407 625 530 678 quae
543 607 738 674 fecisti,
756 616 811 662 et
829 609 980 663 dixi:
1021 613 1054 638 “
1075 613 1125 665 0
1151 611 1405 677 Domine,
1429 629 1609 664 nonne
1634 613 1739 664 ista
1763 612 2041 682 Scriptura
2053 632 2160 684 quod

188 699 280 744 tua
301 709 427 744 vera
449 702 548 756 est,
574 693 829 763 quoniam
856 702 914 747 tu
939 713 1103 748 verax
1129 703 1183 749 et
1207 697 1399 749 veritas
1434 694 1687 748 edidisti*
1718 695 1872 750 eam?
1931 697 2043 749 Cur
2055 686 2241 778 ffeesujffi}

188 792 315 844 ergo
347 784 408 829 tu
442 777 576 830 mihi
610 778 747 831 dicis
781 797 890 832 non
926 798 1044 833 esse
1073 781 1130 832 in
1169 787 1261 833 tua
1295 781 1503 834 visione
1535 788 1811 851 tempora3
1850 788 1904 834 et
1939 782 2160 835 istabona
2176 806 2239 832 es-

189 861 466 932 Scriptura
494 870 586 916 tua
619 864 753 916 mihi
787 865 937 930 dicit,
969 884 1066 935 per
1099 867 1341 934 singulos
1376 866 1492 920 dies
1529 885 1593 920 ea
1625 885 1746 937 quae
1775 867 1952 920 fecisti
1991 860 2231 941 mxx-pera

187 949 380 1000 vidisse
395 951 526 1019 quia
542 948 678 1002 bona
696 957 853 1008 semi,-
887 958 943 1003 et
956 969 1079 1004 cum
1106 968 1170 1003 ea
1192 970 1542 1016 numerarem,
1561 952 1741 1005 inveni
1761 953 1974 1023 quoties
1990 952 2043 1006 ?'’

188 1034 274 1087 Ad
315 1034 432 1087 haec
479 1042 535 1087 tu
575 1035 712 1088 dicis
750 1037 903 1101 mihi,
937 1038 1191 1106 quoniam
1226 1046 1286 1090 tu
1327 1057 1384 1090 es
1426 1039 1578 1090 Deus
1610 1056 1781 1104 meUS,
1817 1047 1871 1092 et
1903 1039 2042 1092 dicis

187 1138 319 1172 voce
353 1120 473 1172 forti
509 1121 567 1172 in
597 1139 723 1173 aure
751 1122 999 1175 interiore
1029 1141 1181 1175 servo
1217 1132 1326 1189 tuo,
1353 1142 1703 1194 perrumpens
1727 1143 1902 1178 meam
1929 1144 2041 1177 sur-

188 1205 428 1267 ditatem,
462 1214 518 1259 et
546 1208 815 1259 clamans:
872 1209 906 1234 “
934 1209 981 1260 0
1007 1208 1189 1271 hom0,
1214 1227 1408 1277 nempe
1445 1209 1591 1278 quod
1617 1210 1895 1279 Scriptura
1922 1229 2043 1262 mea

188 1291 335 1355 dicit,
379 1309 480 1358 ego
531 1291 670 1343 dico.
757 1293 833 1344 Et
880 1299 1060 1344 tamen
1110 1294 1204 1345 illa
1252 1295 1614 1362 temporaliter
1661 1295 1811 1360 dicit,
1860 1297 2041 1348 Verbo

187 1383 365 1429 autem
390 1394 510 1428 meo
535 1385 747 1445 tempus
772 1394 882 1427 non
907 1376 1123 1440 accidit,
1144 1378 1272 1446 quia
1299 1379 1494 1446 aequali
1517 1397 1729 1431 mecum
1750 1381 2043 1432 aeternitate

188 1461 448 1514 consistit.
527 1462 618 1514 Sic
657 1479 720 1513 ea
759 1480 880 1531 quae
911 1481 1007 1514 vos
1039 1479 1136 1530 per
1169 1463 1430 1531 Spiritum
1469 1481 1646 1515 meum
1686 1465 1898 1527 videtis,
1943 1483 2045 1531 ego

188 1547 376 1611 vide03
417 1548 557 1600 sicut
579 1567 643 1601 ea
670 1567 791 1618 quae
819 1567 914 1600 vos
940 1567 1037 1617 per
1062 1549 1320 1618 Spiritum
1347 1568 1525 1602 meum
1555 1551 1752 1615 dicitis,
1775 1570 1875 1618 ego
1903 1552 2042 1604 dico.

187 1637 364 1704 Atque
388 1634 481 1698 ita,
508 1652 632 1686 cum
656 1652 752 1686 vos
778 1634 1142 1702 temporaliter
1167 1652 1230 1686 ea
1258 1634 1499 1699 videatiS,
1519 1653 1627 1686 non
1655 1654 1755 1703 ego
1781 1645 2043 1706 tempora—

186 1722 307 1772 liter
329 1720 516 1784 vide03
557 1720 1028 1789 quemadmodum,
1057 1738 1176 1771 cum
1208 1739 1305 1771 vos
1338 1722 1698 1789 temporaliter
1734 1741 1797 1774 ca
1834 1722 2045 1785 dicatis,

188 1824 295 1858 non
322 1824 423 1873 ego
447 1806 809 1875 temporaliter
835 1804 1005 1857 dico.'‘

261 1896 346 1943 45.
387 1892 462 1943 Et
485 1891 684 1954 audivi,
712 1890 945 1941 Domine
973 1891 1124 1941 Deus
1149 1909 1318 1953 meus,
1346 1899 1398 1941 et
1425 1891 1593 1942 elinxi
1630 1893 1825 1944 stillam
1863 1892 2046 1944 dulce-
2092 1913 2226 1950 xxx,

189 1977 330 2029 dinis
351 1994 420 2028 ex
440 1984 531 2028 tua
547 1976 784 2038 veritate,
804 1983 858 2027 et
875 1975 1118 2026 intellexi
1144 1976 1397 2044 quoniam
1420 1983 1544 2027 sunt
1572 1977 1791 2045 quidam
1804 1986 1821 2005 ⁰
1849 1979 2046 2047 quibus
2062 1967 2197 2059 {¹¹¹3ss

190 2062 481 2131 displicent
513 2078 676 2129 opera
708 2069 829 2123 tua;
871 2069 923 2112 et
948 2061 1117 2112 multa
1142 2079 1324 2112 comm
1352 2061 1539 2113 dicunt
1563 2070 1616 2113 te
1641 2062 1834 2115 fecisse
1859 2082 2044 2116 neces-
2061 2089 2144 2135 [ψη
2167 2076 2233 2112 de-

189 2147 342 2199 sitate
382 2147 738 2214 compulsum,
778 2146 918 2197 sicut
958 2146 1189 2197 fabricas
1230 2147 1486 2197 coelorum
1533 2155 1585 2199 et
1628 2131 2162 2216 compositiones¹¹¹¹³⁸

189 2233 448 2285 siderum:
490 2240 544 2284 et
573 2232 690 2284 haec
721 2249 831 2282 non
869 2231 935 2282 de
964 2238 1057 2282 tuo
1074 2237 1112 2293 '‘,
1141 2231 1238 2283 sed
1268 2231 1385 2300 jam
1419 2233 1583 2283 fuisse
1622 2234 1750 2284 alibi
1788 2242 1966 2286 creata
1995 2244 2049 2286 et

189 2317 421 2383 aliunde,
438 2336 558 2387 quae
578 2324 638 2369 tu
655 2316 994 2369 contraheres
1015 2327 1067 2367 et
1094 2318 1502 2384 compaginares
1527 2326 1687 2387 atque
1715 2328 2046 2380 contexereS,

190 2422 311 2457 cum
338 2403 404 2455 de
430 2403 678 2456 hostibus
703 2402 889 2454 victisy
916 2401 1188 2453 mundana
1212 2403 1413 2454 moenia
1439 2404 1716 2466 molireriS,
1742 2411 1802 2454 ut
1828 2422 1891 2454 ea
1918 2422 2044 2455 con-

1929 221 2051 278 2⁷⁴6

1388 2546 1622 2585 Universum
1656 2555 1786 2586 autem
1818 2548 1867 2586 ab
1898 2547 2043 2587 unitate

191 2602 345 2653 singula
375 2613 493 2654 opera
521 2600 599 2639 Dei
627 2613 716 2638 cum
746 2599 1038 2641 considerantur
1066 2611 1089 2636 a
1148 2611 1287 2637 nornen
1311 2600 1476 2652 accepit.
1521 2601 1638 2647 Quod
1661 2603 1691 2639 si
1714 2601 1927 2640 Manichaei
1948 2615 2042 2641 con-

191 2554 201 2571 ‘
217 2547 350 2595 bona‚’
364 2546 437 2587 nisi
448 2546 656 2586 adderetur
672 2552 710 2585 et
722 2550 732 2567 ‘
752 2544 895 2584 valde.'
930 2543 972 2584 Si
984 2545 1087 2584 enim
1147 2554 1320 2583 currunt.

191 2655 464 2709 prudentibus,
494 2654 744 2693 inveniuntur
770 2654 915 2692 habere
950 2652 1088 2692 lauda-

191 2710 291 2750 biles
311 2721 513 2748 mensuras
531 2715 569 2747 et
595 2721 774 2747 numeros
803 2714 842 2746 et
867 2706 1020 2746 ordines
1046 2706 1086 2745 in

191 2778 262 2804 suo
300 2776 466 2816 quaque
504 2775 644 2815 genere
682 2762 909 2809 constituta,
943 2768 1091 2813 quanto

191 2819 317 2871 magis
335 2817 469 2858 omnia
486 2817 616 2860 simul.
635 2817 675 2856 id
705 2823 764 2856 est
792 2817 876 2869 ipsa
904 2815 1089 2854 universi-

192 2881 264 2921 tas,
283 2886 372 2925 quae
393 2871 476 2911 istis
495 2870 658 2924 singulis
683 2871 724 2910 in
752 2883 874 2910 unum
904 2869 1091 2916 collectis,

191 2926 401 2980 impletur!
454 2926 597 2964 Omnis
623 2925 726 2964 enim
755 2923 978 2978 pulcritudo
1004 2936 1092 2975 quae

191 2981 369 3034 partibus
386 2986 550 3028 constat,
573 2980 700 3020 multo
719 2986 776 3019 est
794 2977 1030 3018 laudabilior
1049 2978 1086 3016 in

192 3041 271 3075 toto
304 3047 422 3088 quam
459 3033 499 3072 in
538 3042 673 3088 parte:
717 3034 816 3072 sicut
849 3033 892 3072 in
926 3044 1087 3085 corpore

192 3088 380 3136 humano,
415 3088 447 3127 si
484 3088 694 3129 laudamus
727 3088 862 3127 oculos
897 3087 1015 3132 solos,
1048 3094 1086 3125 et

193 3151 320 3183 cetera
354 3143 387 3182 si
417 3142 556 3196 pulcra
584 3142 739 3196 singula
765 3150 805 3181 et
833 3141 918 3180 sola
950 3140 1087 3179 lauda-

194 3209 307 3246 mus;
350 3204 496 3249 quanto
528 3196 654 3250 magis
681 3202 806 3236 totum
838 3208 996 3248 corpus,
1023 3193 1087 3232 cui

194 3251 328 3291 omnia
375 3251 565 3296 membra,
611 3263 701 3303 quae
749 3249 905 3302 singula
951 3247 1089 3301 pulcra

193 3311 299 3351 sunt,
317 3304 522 3345 conferunt
547 3303 848 3358 pulcritudinem
868 3315 1004 3342 suam:
1035 3301 1089 3339 ita

197 3365 239 3399 ut
256 3371 397 3399 manus
415 3359 568 3413 pulcra,
587 3371 677 3411 quae
695 3360 812 3397 etiam
839 3357 925 3396 sola
950 3356 1088 3395 lauda-

195 3413 310 3454 batur
334 3413 377 3452 in
400 3425 578 3466 corpore,
597 3413 630 3452 si
648 3419 848 3466 separetur
866 3423 890 3449 a
908 3422 1084 3464 corpore,

196 3473 236 3505 et
259 3467 344 3522 ipsa
370 3466 526 3506 amittat
553 3466 716 3518 gratiam
742 3478 868 3510 suam,
887 3471 925 3504 et
953 3470 1085 3504 cetera

196 3521 278 3560 sine
302 3521 374 3560 illa
399 3520 605 3559 inhonesta
629 3520 731 3560 sint:
762 3527 872 3558 tanta
897 3524 956 3557 est
976 3518 1033 3557 vis
1049 3523 1088 3556 et

197 3574 374 3627 potentia
399 3573 629 3626 integritatis
649 3581 688 3614 et
717 3573 889 3619 unitatis,
906 3580 951 3612 ut
969 3572 1089 3612 etiam

197 3640 285 3680 quae
303 3628 429 3667 multa
442 3635 534 3667 sunt
552 3628 656 3667 bona
674 3635 767 3667 tunc
787 3627 983 3681 placeant,
998 3638 1090 3665 cum

198 3681 238 3721 in
259 3683 479 3723 universum
512 3681 660 3733 aliquid
686 3681 920 3721 conveniunt
939 3686 979 3719 et
998 3692 1095 3719 con·

1144 2653 1369 2699 siderarent,
1391 2654 1602 2694 laudarent
1623 2655 1879 2695 universitatis
1907 2663 2041 2695 aucto·

1145 2720 1223 2745 rem
1251 2714 1291 2746 et
1321 2708 1559 2747 conditorem
1584 2710 1743 2756 Deum3
1776 2720 1814 2749 et
1843 2711 1949 2761 quod
1977 2723 2043 2750 cos

1148 2768 1303 2814 propter
1330 2763 1588 2802 conditionem
1622 2772 1761 2803 nostrae
1796 2764 2043 2803 mortalitatis

1148 2815 1190 2854 in
1219 2823 1328 2868 parte
1357 2817 1533 2862 offendit,
1556 2820 1772 2870 redigerent
1799 2819 1848 2857 ad
1877 2819 2044 2858 universi

1147 2869 1462 2923 pulcritudinem,
1475 2879 1514 2910 et
1525 2873 1699 2911 viderent
1710 2872 2042 2924 quemadmodum

1150 2925 1264 2963 Deus
1286 2924 1417 2964 fecerit
1436 2926 1564 2966 omnia
1586 2939 1664 2965 non
1682 2927 1807 2965 solum
1838 2927 1956 2974 bona,
1975 2927 2042 2966 sed

1143 2978 1266 3018 etiam
1286 2980 1390 3019 bona
1408 2980 1533 3019 valde.
1567 2981 1671 3034 Aug.
1686 2982 1735 3020 de
1752 2981 1856 3021 Gen.
1873 2994 1910 3019 c.
1930 2983 2043 3021 Man.

1143 3033 1172 3071 l.
1193 3033 1218 3070 i.
1241 3046 1276 3072 c.
1296 3036 1363 3072 21.

1197 3091 1217 3113 ²¹
1246 3087 1478 3127 Manichoei.
1527 3094 1553 3111 ‘⁸
1578 3089 1729 3128 Offensi
1756 3090 1858 3128 enim
1878 3091 2042 3142 quibus-

1142 3142 1231 3180 dam
1255 3143 1383 3187 rebus,
1398 3150 1437 3181 et
1451 3155 1581 3181 rursus
1597 3143 1828 3194 quibusdam
1844 3144 2041 3187 delectati.

1145 3209 1223 3234 non
1238 3207 1371 3234 earum
1388 3195 1528 3248 quibus
1543 3196 1809 3241 offenduntur,
1825 3197 1891 3236 sed
1906 3210 2038 3236 earum

1145 3248 1286 3302 quibus
1306 3249 1551 3289 delectantur
1570 3250 1706 3288 volunt
1733 3263 1815 3289 esse
1836 3251 2039 3290 authorem

1147 3303 1325 3342 Deum.’'
1360 3303 1467 3354 Aug.
1487 3303 1535 3342 de
1557 3304 1663 3343 Vera
1687 3303 1815 3356 Relig.
1835 3318 1872 3344 c.
1892 3306 1933 3344 9.
1953 3305 2041 3344 vide

1146 3370 1232 3408 sup.
1252 3357 1279 3395 l.
1305 3357 1368 3395 vii.
1389 3370 1423 3395 c.
1452 3358 1499 3394 14
1517 3364 1555 3396 et
1581 3359 1643 3396 16.

1195 3415 1217 3437 Χ
1246 3410 1500 3450 Manichaeus
1515 3412 1614 3450 duas
1632 3411 1726 3451 dicit
1754 3424 1838 3451 esse
1869 3420 2040 3457 naturas.

1141 3477 1260 3503 unam
1282 3465 1425 3503 bonam
1445 3472 1484 3504 et
1498 3465 1660 3504 alteram
1683 3466 1825 3504 malam
1843 3481 1852 3513 ;
1881 3467 2041 3510 bonam.

1142 3531 1231 3570 quae
1249 3518 1339 3558 fecit
1357 3519 1563 3565 mundum,
1579 3519 1741 3566 malam,
1754 3521 1804 3559 de
1820 3533 1898 3573 qua
1919 3521 2042 3560 factus

1143 3578 1201 3612 est
1218 3573 1401 3612 mundus.
1432 3573 1560 3612 Euod.
1579 3574 1627 3612 de
1648 3574 1722 3612 fide
1738 3587 1774 3613 c.
1795 3575 1860 3613 49.

1201 3632 1223 3664 Υ
1252 3627 1403 3666 Dicunt
1434 3626 1496 3666 isti
1524 3627 1721 3679 vaniloqui
1748 3635 1785 3668 et
1815 3628 1958 3668 mentis
1981 3640 2042 3668 se-

1147 3681 1326 3720 ductores
1344 3681 1384 3720 in
1406 3681 1474 3720 illa
1493 3694 1638 3735 pugna,
1657 3681 1758 3732 [vid.
1773 3696 1859 3736 sup.
1875 3683 1940 3723 vii.
1954 3683 1986 3734 §.
2002 3684 2042 3721 3.

1062 3765 1094 3799 Τ
1123 3755 1155 3799 2
