2378 4134
64 884 84 969 ἕ

8 3188 11 3189 ’
9 2723 46 3155 &hh-w
12 2597 39 2625 ’.ι

533 198 1138 258 coNFEssmNUM
1174 196 1417 258 121ssssss
1451 195 1616 249 xm.
1890 173 1998 249 τιδέ

128 337 348 402 statum,
364 330 469 383 alii
481 330 795 396 prophetia,
811 330 915 382 alii
932 328 1261 399 dijudicatio
1282 327 1599 394 spirituum,
1613 327 1778 380 alteri
1796 342 1999 395 qenera

117 418 490 485 ‹linguarum5
531 420 586 468 et
607 415 725 469 haec
751 415 932 468 omnia
956 421 1214 484 tanquam
1237 413 1421 466 stelloe.
1495 411 1696 463 Omnia
1719 413 1865 464 enim
1889 413 1999 465 Iiaec

143 507 403 571 operatur
419 517 562 553 unus
576 494 743 569 atque
759 499 903 552 idem
922 501 1185 567 Spiritus,
1199 497 1445 550 dividens
1451 497 1687 563 propria
1703 497 2002 566 unicuique

60 574 63 580 ’
134 592 306 655 prout
344 586 477 649 vult,
514 590 570 636 et
602 583 806 637 faciens
849 602 1106 654 apparere
1143 582 1319 636 sidera
1354 581 1413 633 in
1447 581 1890 650 manifestatione
1925 581 2001 633 ad

95 698 100 706 ·
144 672 461 725 utilitatem.
540 669 726 722 Seimo
775 676 953 722 autem
1002 671 1242 723 scientiae
1286 686 1394 738 qua
1437 665 1779 719 continentur
1816 668 1999 718 omnia
2020 675 2038 714 1
2061 674 2153 716 Cor.

65 772 103 827 ,3.
141 761 504 818 sacramenta,
545 769 666 823 quae
716 754 987 807 variantur
1032 753 1365 824 temporibus

1383 748 1402 778 ιι
2019 730 2082 776 13,
2102 731 2142 768 2.

1450 758 1707 821 tanquam
1757 751 1904 814 luna,
1948 758 2004 803 et

143 849 349 894 caeterae
381 841 585 893 notitiae
619 841 881 893 donorum
911 857 1032 910 quae
1066 839 1324 908 deinceps
1358 844 1617 907 tanquam
1651 835 1819 887 stellae
1853 853 2000 887 com-

143 933 432 979 memorata
468 933 609 991 sunt,
637 932 897 995 quantum
933 925 1185 977 differunt
1218 926 1285 977 ab
1319 923 1413 976 illo
1448 920 1680 975 candore
1720 919 1999 989 sapientiae

62 1072 68 1078 Ι
145 1029 252 1082 quo
279 1010 476 1078 gaudet
509 1010 798 1080 praedictus
825 1011 958 1077 dies,
983 1016 1192 1062 tantum
1215 1010 1273 1061 in
1299 1003 1602 1078 principia*
1632 1005 1808 1058 noctis
1836 1002 1997 1058 sunt‘·.

145 1095 253 1148 His
285 1095 428 1146 enim
462 1102 588 1147 sunt
622 1096 943 1161 necessaria,
970 1095 1167 1164 quibus
1205 1093 1295 1145 ille
1329 1091 1779 1162 prudentissimus
1818 1088 2000 1141 servus

76 1168 81 1174 ξ
142 1187 267 1232 tuus
291 1198 396 1232 non
413 1183 601 1247 potuit
626 1183 772 1250 loqui
791 1183 949 1250 quasi
967 1179 1367 1247 spiritualibus,
1382 1178 1477 1230 sed
1494 1178 1652 1246 quasi
1669 1175 2036 1240 carnalibus,l
2062 1185 2156 1225 Cor.

46 1286 75 1332 ῃ
141 1266 233 1318 ille
260 1265 354 1334 qui
377 1267 705 1332 sapientiam
731 1268 972 1335 quuitur
996 1267 1142 1316 inter
1157 1264 1443 1332 perfectos.
1519 1263 1791 1314 Animalia·
1815 1268 1999 1312 autem
2015 1239 2154 1341 :i'dfm

63 1376 67 1382 ·
143 1352 295 1402 homo
335 1356 598 1419 tanquam
630 1352 897 1417 parvulus
919 1352 980 1402 in
1010 1350 1243 1412 Christo,
1270 1350 1533 1416 lactisque
1564 1353 1802 1414 potator,
1827 1346 1999 1398 donec
2016 1356 2114 1401 26.

140 1435 417 1486 roboretur
435 1434 504 1486 ad
532 1435 762 1487 solidum
782 1435 982 1499 cibum,
998 1440 1053 1486 et
1073 1434 1245 1486 aciem
1265 1433 1441 1485 firmet
1458 1431 1527 1484 ad
1553 1432 1682 1483 solis
1703 1439 1999 1501 aspectum,
2015 1418 2145 1517 {gif-{J
2160 1472 2201 1510 2.

141 1538 250 1572 non
275 1521 474 1572 habeat
498 1520 762 1573 desertam
792 1525 1008 1571 noctem
1039 1537 1208 1581 suam,
1236 1516 1331 1569 sed
1369 1518 1490 1569 luce
1523 1517 1665 1568 lunae
1702 1518 1998 1568 stellarum-

140 1623 247 1675 que
293 1613 574 1658 contentus
618 1605 702 1656 sit.
788 1606 928 1657 Haec
971 1605 1257 1655 nobiscum
1302 1602 1564 1671 disputaS,
1606 1603 1998 1671 sapientissime

142 1691 292 1743 Deus
329 1698 526 1754 noster,
562 1691 620 1741 in
658 1690 822 1741 Libro
860 1696 953 1741 tuo
995 1689 1326 1740 firmamento
1364 1695 1490 1750 tuo3
1537 1694 1595 1738 ut
1633 1686 1998 1739 discernamus

139 1776 321 1828 omnia
358 1775 808 1844 contemplatione
846 1774 1094 1838 mirabili,
1122 1773 1367 1842 quamvis
1407 1772 1584 1824 adhuc
1624 1774 1681 1823 in.
1721 1773 1907 1838 siquis,
1945 1778 1999 1822 et

58 1854 62 1860 ’
140 1863 198 1912 in
227 1862 570 1927 temporibus,
594 1867 647 1912 et
673 1862 731 1911 in
759 1859 962 1924 diebus,
986 1867 1039 1910 et
1064 1861 1124 1910 in
1151 1860 1327 1910 anmis.

214 1949 298 1995 24.
342 1944 450 1997 Sed
485 1946 635 2013 prius
668 1945 950 2008 lavamini,
974 1943 1170 1994 mundi
1201 1949 1364 1993 estote
1383 1964 1400 1999 ;
1444 1943 1660 2011 aaferte
1691 1944 1992 2011 nequitiam
2014 1951 2070 1992 Is.
2090 1951 2199 1998 1,16.

140 2030 210 2081 ab
249 2030 441 2081 animis
484 2029 691 2092 vestriS‚
730 2036 892 2097 atque
931 2047 963 2080 a
999 2035 1282 2094 conspecta
1322 2029 1595 2079 oculorum
1641 2046 1898 2090 meorum,
1939 2036 1998 2080 ut

136 2121 407 2180 appareat
441 2115 620 2165 arida.
696 2115 909 2166 Discite
944 2113 1135 2164 bonum
1160 2114 1377 2181 facere,
1398 2112 1655 2181 judicate
1682 2115 1918 2179 pupillo,
1943 2121 1997 2164 et

123 2199 440 2267 justificate
489 2200 745 2256 viduam5
806 2205 866 2250 ut
915 2200 1185 2265 yerminet
1235 2205 1384 2249 terra
1435 2197 1655 2249 herbam
1702 2198 1896 2265 pabuli
1945 2206 1998 2250 et

138 2284 347 2350 liynum
374 2284 745 2351 fructiferum
764 2305 782 2339 ;
825 2291 878 2334 et
914 2285 1108 2345 venite,
1143 2283 1499 2349 disputemus,
1533 2283 1671 2333 dicit
1709 2285 1998 2345 Dominus,

141 2374 202 2419 ut
231 2370 393 2435 fiant
436 2369 739 2419 luminaria
783 2368 843 2418 in
876 2368 1239 2433 firmamento
1283 2369 1426 2432 coeli,
1470 2373 1523 2418 et
1568 2369 1786 2419 luceant
1835 2387 1998 2434 super

140 2461 361 2506 terram.
438 2454 726 2513 Quaerebat
765 2453 915 2505 dives
952 2454 1042 2505 ille
1083 2473 1114 2506 a
1150 2456 1408 2521 mayistro
1446 2453 1594 2518 bono,
1622 2454 1758 2522 qnid
1775 2455 1998 2522 faceret

141 2546 205 2590 ut
245 2541 412 2590 vitam
456 2545 710 2590 (eternam
756 2545 1191 2607 consequeretur:
1236 2538 1383 2590 dicat
1428 2538 1477 2589 ei
1520 2540 1778 2605 mayister
1817 2539 1998 2604 bonus,

138 2643 301 2693 quem
335 2626 561 2692 putabat
591 2624 882 2688 hominem,
909 2630 963 2674 et
994 2624 1130 2675 nihil
1161 2623 1423 2692 amplius3
1475 2624 1650 2674 bonus
1685 2630 1766 2675 est
1803 2631 1998 2689 autem,

140 2710 270 2778 quia
307 2710 459 2761 Deus
497 2717 605 2760 est:
652 2707 798 2760 dicat
835 2709 902 2771 ei,
940 2715 1001 2759 ut
1036 2711 1085 2760 si
1123 2711 1237 2761 vult
1272 2711 1454 2760 venire
1491 2709 1567 2759 acl
1602 2710 1791 2772 vitam,
1828 2718 1998 2762 seri-et

139 2794 404 2845 mandata
416 2816 434 2850 ;
477 2800 687 2862 separet
712 2812 743 2845 a
768 2811 825 2845 se
851 2793 1258 2846 amaritudinem
1283 2794 1502 2846 malitiae
1530 2802 1692 2863 atque
1716 2795 1969 2863 nequitiae
1983 2816 1996 2859 3

140 2898 246 2932 non
270 2881 499 2944 occidat,
524 2899 628 2932 non
657 2883 968 2944 moechetur,
993 2899 1100 2933 non
1116 2883 1369 2950 furetur,
1395 2900 1501 2933 non
1517 2883 1734 2950 falsum
1763 2886 1995 2934 testimo-

141 2967 295 3018 nium
323 2966 472 3018 dicat
487 2988 506 3024 ;
548 2973 610 3018 ut
640 2971 909 3033 appareat
941 2967 1123 3031 arida,
1150 2973 1203 3018 et
1230 2968 1499 3034 qerminet
1534 2967 1795 3019 honorem
1828 2969 1994 3036 patris

139 3057 196 3102 et
231 3051 431 3114 matriS,
458 3058 511 3103 et
547 3051 890 3104 dilectionem
927 3050 1178 3119 proximi.
1255 3052 1401 3115 Feci,
1427 3052 1622 3120 inquit,
1655 3055 1760 3105 liaec
1795 3057 1992 3106 omnia.

199 3219 219 3250 h
255 3219 295 3259 Si
343 3219 598 3261 discernimus
644 3220 722 3260 duo
768 3222 1037 3267 Testamenta,
1090 3234 1183 3274 ergo
1215 3222 1301 3274 jam
1331 3229 1464 3262 teneas
1494 3222 1692 3275 promissa,
1723 3223 1819 3274 quid
1853 3225 1996 3277 quaeris

145 3273 272 3313 Vetus
289 3280 328 3313 et
347 3274 520 3319 Novum,
541 3289 619 3314 non
642 3282 732 3314 sunt
750 3275 887 3314 eadem
909 3287 1037 3314 sacra·
1094 3275 1373 3328 promittentia,
1414 3276 1565 3317 habens
1601 3276 1687 3329 jam
1723 3277 1961 3317 Salvatorem
1979 3282 1994 3318 ἲ

145 3334 294 3372 menta,
314 3341 386 3367 nec
414 3329 552 3368 eadem
583 3329 786 3382 promissa,
814 3328 952 3367 eadem
980 3334 1038 3367 ta·
1096 3330 1255 3368 Mutata
1275 3336 1367 3368 sunt
1388 3338 1650 3375 sacramenta,
1665 3329 1774 3369 facta
1794 3339 1882 3370 sunt
1900 3332 1992 3371 faci-

143 3393 235 3420 men
270 3381 460 3434 pleraque
498 3389 708 3444 praecepta.
784 3381 1040 3421 Sacramenta
1094 3382 1208 3430 liora,
1261 3382 1461 3436 pauciora,
1518 3383 1748 3430 salubriora,
1806 3385 1994 3426 feliciora.

143 3446 221 3473 non
253 3436 405 3478 eadem,
441 3449 534 3488 quia
562 3436 640 3474 alia
673 3443 765 3476 sunt
791 3444 1039 3475 sacramenta
1094 3437 1201 3488 Aug.
1221 3436 1259 3475 in
1282 3438 1345 3476 Ps.
1372 3437 1439 3477 73.
1461 3439 1494 3488 §.
1513 3439 1555 3476 2.

141 3487 276 3527 dantia
301 3489 483 3535 salutem,
503 3489 583 3528 alia
610 3489 873 3543 promittentia
901 3489 1036 3530 Salva·
1155 3485 1165 3515 Ῑ
1187 3490 1299 3529 Nihil
1323 3490 1426 3530 enim
1446 3491 1584 3531 horum
1605 3498 1677 3538 est,
1694 3492 1797 3544 quod
1817 3491 1857 3530 iu
1877 3491 1995 3545 hujus

140 3546 281 3580 torem.
361 3542 616 3582 Sacramenta
662 3543 752 3583 novi
798 3543 1038 3583 Testamenti
1091 3544 1354 3584 saeculinocte
1367 3557 1444 3584 non
1454 3545 1786 3595 sitnecessarium3
1801 3559 1889 3598 quae
1902 3559 1994 3586 cum

138 3595 239 3634 dant
269 3595 450 3641 salutem,
471 3603 718 3636 sacramenta
743 3596 882 3637 veteris
901 3597 1038 3637 Testa·
1093 3597 1298 3644 transierit,
1320 3599 1537 3638 necessaria
1567 3600 1642 3639 ista
1662 3614 1740 3639 non
1758 3607 1887 3647 erunt,
1907 3600 1994 3640 ideo

141 3647 264 3688 menti
303 3649 561 3701 promiserunt
599 3650 856 3692 Salvatorem.
934 3651 1037 3691 Cum
1094 3651 1158 3691 ‘in
1173 3658 1400 3705 potestatem
1417 3654 1572 3694 noctise
1592 3654 1991 3708 Aug,inPs.l35.§.8.
