2378 4134
550 197 1144 277 coNFEssloNEM
1182 212 1423 267 LIBER
1458 210 1591 262 vn.
1893 208 1991 260 121

157 355 307 410 vitali
342 362 396 408 et
433 351 676 406 rationali
713 355 954 403 creatura
987 363 1098 398 non
1133 343 1269 408 fieri,
1305 340 1374 394 ad
1415 340 1597 409 ipsum
1634 337 1998 390 Christianam

160 442 320 494 fidem
345 440 549 511 pigrius
573 437 899 490 movebatur.
974 432 1083 486 Sed
1110 436 1300 501 postea
1321 426 1697 479 haereticorum
1719 423 1996 493 Apollina-

159 528 430 580 ristarum'·
462 526 605 577 hunc
638 540 862 575 errorem
889 538 1006 574 esse
1036 531 1387 586 cognoscenS,
1413 511 1696 565 catholicae
1729 509 1857 561 fidei
1890 509 1999 563 col-

159 614 367 666 laetatus
392 620 445 665 et
469 617 894 678 contemperatus
919 613 1015 659 est.
1085 606 1206 670 Ego
1232 609 1409 655 autem
1434 599 1709 668 aliquanto
1732 596 2004 666 posterius

161 697 411 750 didicisse
436 714 520 747 me
546 695 729 757 fateor,
754 694 811 745 in
836 711 900 746 eo
927 690 1074 762 quod
1114 688 1335 743 Verbum
1361 686 1721 754 carosne-tum
1746 688 1845 745 est,
1870 698 2002 750 quo-

159 781 317 836 modo
341 780 607 834 catholica
630 778 823 831 veritas
848 796 881 830 a
906 775 1154 829 Photinic
1178 773 1408 826 falsitate
1435 769 1726 822 dirimatur.
1795 767 2003 834 Impro-

160 866 305 918 batio
343 865 543 934 quippe
586 863 956 915 haereticorum
998 860 1128 913 facit
1167 859 1398 911 eminere
1442 853 1575 925 quid
1616 851 1869 907 Ecclesia
1911 857 2005 902 tua

161 950 369 1015 sentiat,
414 957 467 1002 et
509 949 639 1019 quid
682 949 879 1000 habeat
929 965 1059 998 sana
1106 944 1363 996 doctrina.
1458 940 1713 1008 Oportuit
1754 939 1898 990 enim
1949 944 2001 989 et
2021 939 2161 1035 ilci&

160 1038 376 1087 haereses
400 1053 524 1098 esse,
553 1041 611 1086 nt
629 1033 848 1101 probati
871 1031 1370 1100 manefi’stifierent
1395 1029 1541 1079 inter
1566 1026 1827 1093 ὑφ’-νήησε.
2072 1025 2083 1042 ’
2161 1023 2173 1036 “

231 1127 315 1174 26.
357 1122 464 1174 Sed
504 1128 632 1173 tunc
670 1121 826 1173 lectis
866 1118 1263 1172 Platonicorum
1298 1117 1407 1168 illis
1442 1114 1613 1176 libris,
1646 1121 2000 1182 posteaquam
2039 1125 2161 1190 xxx.

161 1207 282 1259 inde
326 1207 630 1259 admonitus
679 1223 911 1275 quaerere
958 1205 1328 1271 incorpoream
1374 1201 1665 1262 veritatem,
1708 1198 2005 1250 invisibilia
2019 1179 2196 1273 ffiigga‘

160 1299 276 1355 teca,
294 1310 396 1359 per
426 1311 489 1344 ea
523 1309 638 1360 quae
658 1293 827 1359 fincta
861 1295 1007 1351 sunt,
1030 1289 1309 1339 intellecta
1345 1285 1599 1351 conspexi
1610 1305 1627 1341 ;
1671 1290 1724 1335 et
1758 1284 2130 1380 repulsuslibrits,

163 1377 302 1428 sensi
329 1376 459 1446 quid
493 1394 587 1444 per
611 1377 856 1427 tenebras
880 1375 1072 1426 animae
1099 1390 1232 1424 meae
1267 1369 1620 1438 contemplari
1652 1386 1763 1420 non
1789 1356 2101 1437 si11erer,},.'g{{¹
2121 1355 2191 1389 ¹⁰r'

161 1470 335 1514 certus
368 1480 482 1513 esse
520 1470 589 1524 te,
615 1469 669 1513 et
698 1461 969 1512 infinitum
1001 1477 1135 1523 esse,
1167 1476 1266 1510 nec
1301 1464 1480 1509 tamen
1511 1472 1607 1524 per
1637 1456 1791 1506 locos
1823 1454 2005 1506 finitos
2018 1451 2211 1545 ὲῐὶίέἓὲἰὲῐ

162 1546 464 1599 infinitosve
503 1546 759 1609 diffundi3
817 1553 870 1597 et
911 1562 1032 1597 vere
1075 1551 1126 1596 te
1171 1562 1289 1596 esse
1332 1543 1423 1612 qui
1462 1558 1671 1610 semper
1705 1539 1847 1591 idem
1887 1540 2006 1608 ipse

163 1628 353 1695 essesd,
379 1651 447 1684 ex
481 1633 629 1683 nulla
660 1638 809 1700 parte
841 1632 1098 1700 nulloque
1124 1636 1274 1681 motu
1299 1629 1450 1681 aliter
1475 1634 1568 1680 aut
1593 1628 1774 1689 aliter3
1815 1634 2009 1677 caetera.

165 1734 285 1767 vero
319 1735 388 1768 ex
422 1724 472 1768 te
510 1735 625 1769 esse
659 1717 854 1779 omnia,
878 1717 983 1768 hoc
1019 1716 1133 1767 solo
1167 1714 1472 1766 firmissimo
1508 1713 1848 1776 document0‚
1880 1712 2009 1780 quia

166 1809 313 1853 sunt:
356 1810 529 1854 certus
564 1802 779 1871 quidem
818 1802 875 1852 in
906 1802 1024 1853 istis
1061 1819 1220 1863 eram,
1247 1800 1408 1851 nimis
1440 1807 1617 1851 tamen
1651 1798 1897 1849 infirmus
1936 1797 2006 1849 ad

166 1884 443 1935 fruendum
463 1895 530 1936 te.
583 1887 895 1938 Garriebam
914 1887 1072 1955 plane
1094 1885 1248 1955 quasi
1267 1885 1490 1953 peritus,
1506 1890 1560 1935 et
1582 1882 1687 1933 nisi
1712 1882 1770 1932 in
1789 1883 2008 1934 Christo

167 1969 437 2021 Salvatore
493 1979 671 2023 nostro
721 1971 860 2023 viam
919 1978 1063 2022 tuam
1124 1987 1430 2039 quaererem,
1479 1986 1590 2019 non
1639 1968 1863 2036 peritus,
1914 1966 2009 2020 sed

165 2053 428 2120 periturus
468 2073 654 2106 essem.
729 2057 851 2108 Jam
895 2056 1035 2107 enim
1080 2071 1345 2122 coeperam
1388 2054 1526 2105 velle
1563 2053 1730 2104 videri
1775 2053 2008 2121 sapiens,

165 2138 355 2205 plenus
379 2157 540 2207 poena
565 2157 703 2191 mea:
745 2147 798 2192 et
821 2158 928 2192 non
956 2136 1168 2203 flebam,
1185 2139 1406 2208 insuper
1429 2147 1482 2191 et
1504 2138 1744 2205 inflabar
1761 2140 2007 2190 scientia.
2030 2153 2047 2244 ξ
2066 2151 2208 2197 Cone,

225 2272 245 2301 b
290 2274 378 2312 Fuit
408 2275 589 2327 qua’dam
625 2273 796 2321 haeresis,
830 2273 892 2313 vel
925 2274 1055 2313 adhuc

169 2326 340 2365 fortassis
367 2328 558 2368 habentur
586 2329 774 2379 reliquiae,
794 2329 1055 2380 quorundam,

169 2380 236 2431 qui
272 2382 365 2420 dicti
409 2389 500 2421 sunt
538 2382 846 2435 Apollinaristae.
919 2383 1057 2435 Aliqui

169 2434 335 2485 ipsorum
366 2435 547 2475 dixerunt
575 2436 770 2475 hominem
794 2436 920 2482 illum,
940 2450 1057 2488 quem

169 2489 340 2540 suscepit
370 2491 560 2536 Verbum,
590 2503 679 2529 cum
711 2495 736 2511 “
760 2490 935 2529 Verbum
968 2503 1058 2530 caro

173 2542 317 2580 sactum
344 2543 445 2587 est,”
476 2557 551 2582 non
579 2543 758 2582 habuisse
786 2551 955 2583 mentem
986 2544 1059 2583 hu-

173 2608 345 2642 manam,
376 2596 497 2649 (illud
526 2598 630 2648 quod
660 2597 813 2648 2007va
841 2597 972 2637 Graeci
1001 2599 1060 2637 di-

173 2657 280 2695 cunt,
303 2662 372 2689 nos
400 2651 565 2689 dicimus
593 2652 796 2696 rationale,
817 2653 920 2691 unde
947 2651 1062 2691 horno

174 2703 437 2749 ratiocinatur,
473 2705 575 2757 quod
622 2719 696 2744 non
734 2706 881 2745 habent
919 2714 1061 2747 caetera

174 2756 381 2807 animalia)
395 2759 463 2798 sed
476 2766 624 2798 tanturn
639 2761 808 2799 animam
821 2759 903 2798 sine
915 2761 1058 2799 intelli-

171 2811 303 2858 gentia
323 2811 493 2851 bumana
512 2813 640 2852 fuisse.
686 2814 763 2853 Sed
782 2813 876 2866 quid
897 2814 1059 2854 dicunt!

174 2864 308 2916 Ipsum
323 2867 495 2905 Verbum
515 2868 589 2906 Dei
604 2868 676 2907 hoc
689 2869 818 2906 eratin
831 2867 897 2906 illo
908 2868 1060 2908 homine

174 2931 241 2969 pro
261 2927 402 2958 mente.
443 2921 601 2960 Exclusi
621 2929 711 2960 sunt
726 2922 802 2967 isti,
818 2922 962 2975 respuit
975 2923 1063 2962 illos

176 2973 369 3012 catholica
386 2974 495 3019 fides.
509 2983 547 3014 et
560 2976 720 3015 baeresin
739 2976 923 3016 fecerunt.
955 2978 1055 3016 Con-

176 3025 367 3066 firmatum
397 3035 453 3067 est
478 3029 516 3067 in
543 3030 736 3069 catholica
753 3030 844 3074 fide.
863 3031 1059 3071 hominem

175 3079 284 3117 illum
305 3094 419 3132 quern
438 3085 606 3137 suscepit
631 3083 832 3137 Sapientia
855 3085 945 3130 Dei,
965 3086 1060 3124 nibil

178 3132 305 3171 miuus
340 3134 519 3175 habuisse
553 3151 670 3189 quam
710 3138 840 3178 caeteri
873 3138 1063 3187 homines,

180 3196 368 3236 quantum
383 3190 547 3241 pertinet
559 3191 608 3230 ad
622 3192 882 3242 integritatem
894 3201 1059 3233 naturae:

179 3246 366 3290 quantum
379 3251 506 3281 autem
522 3244 571 3282 ad
585 3245 856 3286 excellentiam
870 3260 1060 3300 personae,

185 3291 290 3331 aliud
304 3306 420 3346 quam
436 3298 566 3336 caete'ri
584 3298 771 3339 homines.
810 3301 916 3339 Nam
933 3302 1061 3340 caeteri

183 3344 357 3385 homines
389 3359 548 3400 possunt
583 3351 659 3391 dici
694 3354 904 3407 participes
942 3355 1063 3394 Verbi

188 3399 280 3444 Dei,
301 3400 486 3441 habentes
506 3405 677 3444 Verbum
701 3406 802 3447 Dei:
835 3409 967 3447 nullus
995 3422 1063 3447 au-

183 3459 259 3491 tem
279 3466 410 3492 eorum
427 3463 553 3507 potest
566 3457 640 3498 dici
660 3460 833 3500 Verbum
853 3462 945 3506 Dei.
961 3462 1066 3513 quod

181 3505 309 3546 dictus
337 3515 392 3545 est
419 3508 501 3554 ille,
530 3523 616 3549 cum
642 3513 789 3553 dicium
818 3523 889 3560 est,
918 3520 943 3537 ‘⁴
969 3517 1067 3555 Ver-

184 3559 274 3598 bum
295 3574 385 3599 caro
405 3562 546 3601 facturn
567 3566 667 3604 est.’'
701 3568 832 3619 (Aug.
852 3569 893 3608 in
918 3569 979 3609 Ps.
1000 3571 1068 3608 29.

184 3613 320 3673 Enarr.
349 3616 391 3653 2.
420 3617 454 3666 §.
482 3618 546 3666 2.)
603 3619 680 3658 Sed
708 3633 796 3660 cum
831 3634 960 3662 seeum
994 3622 1067 3676 ipsi

184 3675 410 3720 cogitarent,
441 3669 638 3711 fatendum
667 3686 763 3722 esse,
794 3675 824 3714 si
852 3675 905 3716 ita
932 3683 1003 3722 est,
1024 3685 1067 3716 ut

1111 2273 1336 2326 unigenitus
1362 2274 1438 2314 Dei
1462 2274 1598 2320 Filius,
1627 2274 1828 2327 Sapientia
1846 2281 1887 2314 et
1910 2276 2010 2315 Ver-

1111 2328 1205 2367 bum
1229 2329 1368 2373 Patris‚
1389 2342 1458 2383 per
1477 2329 1582 2381 quod
1611 2329 1718 2368 sacta
1743 2336 1835 2368 sunt
1861 2331 2008 2377 omnia,

1112 2382 1286 2421 belluam
1320 2383 1533 2434 quamdam
1564 2397 1653 2423 cum
1688 2384 1812 2436 figura
1846 2383 2010 2424 humaui

1113 2436 1283 2489 corporis
1318 2437 1532 2490 suscepisse
1566 2438 1760 2483 credatur,
1797 2437 2008 2490 displicue-

1113 2498 1203 2529 runt
1233 2490 1320 2534 sibi,
1352 2504 1429 2529 non
1464 2499 1595 2530 tamen
1631 2491 1682 2531 ad
1712 2493 2010 2539 correctionem,

1114 2550 1158 2582 ut
1187 2544 1357 2583 redirent
1386 2545 1436 2583 ad
1465 2545 1637 2585 veritatis
1666 2546 1785 2592 viam,
1806 2552 2010 2599 totumque

1115 2597 1311 2637 hominem
1327 2611 1350 2636 a
1366 2598 1571 2651 Sapientia
1593 2600 1668 2639 Dei
1687 2607 1911 2653 susceptum
1929 2614 2012 2641 esse

1116 2652 1407 2698 confiterentur,
1427 2653 1537 2692 nulla
1555 2653 1814 2693 diminutione
1833 2662 1982 2694 naturae
1998 2672 2007 2694 :

1114 2706 1181 2744 sed
1211 2707 1399 2759 ampliore
1434 2707 1491 2745 usi
1521 2708 1702 2755 audacia,
1735 2709 1857 2761 ipsam
1893 2709 2011 2748 etiarn

1114 2759 1286 2799 animam
1324 2766 1530 2813 totumque
1568 2763 1664 2802 utile
1700 2762 1869 2802 hominis
1914 2763 2011 2803 alie-

1115 2822 1253 2854 nantes
1280 2816 1330 2854 ab
1360 2827 1420 2861 e0,
1453 2815 1576 2854 solam
1610 2829 1767 2856 carnem
1797 2817 2012 2858 humanam

1114 2881 1203 2907 eum
1232 2870 1445 2922 suscepisse
1478 2869 1674 2909 dixerunt.
1733 2871 1822 2923 (De
1852 2873 1902 2911 83
1933 2872 2013 2912 div.

1118 2929 1258 2973 quaest.
1275 2937 1342 2975 qu.
1361 2924 1451 2973 80.)
1510 2925 1561 2963 Et
1588 2925 1675 2964 illos
1703 2926 1851 2978 respuit
1872 2927 2011 2966 Eccle-

1117 2977 1174 3015 sia
1204 2978 1425 3022 Catholica,
1446 2984 1484 3017 et
1512 2979 1675 3032 expellit
1694 2993 1759 3019 eos
1787 2993 1835 3018 ex
1859 2980 2013 3028 ovibus,

1116 3038 1154 3068 et
1172 3043 1194 3069 a
1213 3031 1381 3085 simplici
1401 3039 1439 3071 et
1458 3046 1547 3072 vera
1567 3033 1666 3082 fide3
1689 3041 1726 3072 et
1743 3035 2014 3074 confirmatum

1114 3092 1172 3123 est
1191 3084 1386 3125 hominem
1406 3087 1519 3126 illum
1551 3089 1804 3127 mediatorem
1833 3089 2015 3128 habuisse

1119 3139 1250 3178 omnia
1270 3140 1436 3180 hominis
1454 3148 1594 3193 praeter
1614 3149 1833 3195 peccatum.
1853 3143 1959 3195 Aug.
1976 3143 2015 3181 in

1120 3193 1186 3232 Ps.
1214 3193 1240 3232 l.
1263 3207 1297 3233 c.

1171 3251 1190 3273 ‘²
1223 3247 1445 3287 Photiniani
1472 3248 1707 3302 principium
1730 3249 1828 3288 Filio
1860 3249 1938 3289 Dei
1966 3263 2014 3289 ex

1120 3307 1225 3340 utero
1240 3302 1395 3352 virginis
1409 3303 1600 3349 tribuunt,
1618 3317 1689 3342 nec
1705 3303 1843 3342 volunt
1859 3303 2017 3343 credere

1120 3356 1225 3446 quqd
1261 3362 1300 3394 et
1333 3363 1451 3395 antea
1486 3356 1616 3396 fuerit.
1661 3356 1770 3409 Aug.
1812 3358 1886 3411 Ep.
1927 3358 2016 3397 147.

1122 3421 1159 3447 c.
1208 3437 1218 3447 .

1177 3462 1196 3492 ⁸¹
1227 3463 1324 3502 Esse
1352 3463 1453 3502 enim
1484 3464 1534 3502 ad
1563 3465 1799 3504 manendum
1828 3465 2017 3516 refertur3

1122 3516 1256 3569 itaque
1271 3517 1376 3568 quod
1395 3530 1546 3556 summe
1564 3530 1611 3556 ac
1631 3520 1800 3558 maxime
1818 3532 1902 3559 esse
1918 3520 2017 3560 dici·

1124 3577 1200 3616 tur,
1224 3571 1487 3623 permanendo
1506 3571 1544 3609 in
1566 3584 1607 3612 se
1625 3572 1782 3613 dicitur.
1838 3574 1947 3626 Aug.
1967 3575 2018 3615 de

1125 3624 1231 3664 Mor.
1252 3624 1434 3663 Manich.
1454 3639 1489 3666 c.
1513 3627 1553 3665 6.
1588 3625 1680 3666 vid.
1698 3641 1783 3681 sup.
1808 3641 1843 3668 c.
1869 3629 1920 3667 xi.
