2378 4134
305 189 407 234 308

361 319 502 361 tiniani
520 321 621 376 regis
640 330 764 364 matre
780 323 935 365 Ariana
953 323 1118 379 patitur,
1138 326 1232 370 155,

365 383 407 415 et
427 390 466 417 n.
509 377 698 418 Excubat
725 379 841 434 plebs
860 379 900 419 ia
922 379 1104 420 Ecclesia.
1131 380 1232 420 mori

364 438 509 486 parata
546 446 639 474 cum
682 434 894 489 Episcopo,
929 435 982 477 ib.
1051 436 1233 490 Corpora

371 486 444 529 SS.
491 488 661 529 Protasii
715 498 755 529 et
808 490 990 531 Gervasii
1043 491 1233 531 divinitus

364 541 528 595 detegit,
570 545 625 586 ib.
697 546 878 599 Synaxes
923 547 974 586 ad
1023 547 1232 587 memorias

364 599 592 652 Martyrum
612 600 809 653 prohibet,
831 602 898 642 83.

307 653 580 694 Ambrosiana
615 655 798 703 basilica,
830 658 920 697 156.
982 658 1239 698 Ambrosiani

362 722 516 757 versus,
542 711 631 751 165.

307 765 502 806 Amicitia
532 765 661 806 dulcis
688 773 748 805 est
778 774 937 820 propter
965 767 1157 807 unitatem
1187 768 1237 808 de

364 821 503 861 multis
531 821 688 868 animis,
710 823 777 862 22.
830 823 926 862 Non
955 829 1016 862 est
1038 836 1133 862 vera
1162 823 1236 863 nisi

363 890 453 917 earn
477 878 593 917 Deus
613 877 835 930 adglutinet
863 878 962 917 inter
981 877 1023 917 in
1042 878 1238 919 haereutes

363 933 465 986 Ipsi,
485 933 552 972 49.
614 932 819 972 Malorum
851 932 1029 973 amicitia
1057 933 1237 980 inimica,

363 989 432 1028 26.
492 987 616 1028 Miser
645 994 705 1027 est
738 989 868 1028 omnis
899 989 1059 1028 animus
1086 990 1239 1030 vinctus

363 1042 540 1083 amicitia
557 1056 686 1083 rerum
709 1044 954 1090 mortalium,
975 1046 1044 1085 51.

307 1098 480 1139 Amicus
513 1105 572 1139 est
602 1100 745 1139 beatus
772 1100 840 1153 qui
878 1107 987 1139 amat
1016 1101 1168 1145 Deum,
1199 1107 1238 1140 et

361 1154 535 1195 amicum
563 1153 604 1193 in
637 1155 744 1202 Deo,
772 1162 813 1196 et
837 1154 1047 1195 inimicum
1078 1162 1239 1210 propter

362 1210 515 1254 Deum.
537 1211 604 1251 50.
646 1210 764 1251 Solus
783 1211 941 1250 nullum
962 1224 1101 1251 carum
1121 1213 1236 1251 amit-

363 1265 425 1313 tit,
445 1265 510 1306 cui
529 1279 668 1306 omnes
685 1266 728 1306 in
748 1266 818 1306 illo
839 1267 920 1306 cari
938 1274 1045 1312 sunt,
1066 1267 1134 1319 qui
1155 1281 1235 1308 non

361 1321 570 1367 amittitur,
594 1320 650 1362 ib.
703 1323 815 1362 Bene
838 1323 1030 1363 Horatius
1056 1322 1158 1362 dixit
1187 1324 1237 1364 de

361 1376 492 1417 amico
520 1390 608 1424 suo,
630 1382 657 1399 “
683 1378 904 1418 Dimidium
931 1381 1072 1418 animoe
1102 1379 1238 1424 meae.'’

304 1487 477 1528 Amicus
501 1481 627 1540 Augi.
648 1486 813 1541 quidam
834 1488 1078 1535 carissimus,
1109 1502 1228 1542 quem

361 1543 403 1583 in
432 1543 753 1583 Manichaeorum
792 1544 963 1585 haeresin
1000 1544 1232 1594 deflexerat,

360 1599 463 1639 febri
491 1606 695 1652 correptus
725 1607 765 1639 et
792 1614 896 1654 pene
932 1600 1130 1640 exanimis
1163 1614 1232 1642 ne·

360 1655 491 1695 sciens
528 1655 766 1709 baptizatur.
808 1656 927 1710 (49.)
971 1658 1073 1696 Mox
1106 1669 1235 1696 recre-

361 1718 466 1756 atus,
486 1710 629 1749 mirum
651 1711 690 1750 in
720 1711 882 1751 modum
914 1711 1048 1752 animo
1068 1719 1237 1761 mutato,

360 1766 507 1820 Augm.
552 1765 803 1820 Baptismum
847 1781 897 1807 ex
941 1781 1049 1807 more
1077 1767 1238 1821 (Mani-

360 1821 566 1862 chaeorum
596 1820 680 1872 sc.)
713 1821 940 1863 irridentem
979 1822 1166 1863 exhorret
1197 1830 1239 1864 et

359 1876 631 1931 reprehendit,
650 1879 720 1918 50.

306 1933 436 1973 Amor
462 1946 515 1974 ex
544 1946 678 1973 amore
706 1932 961 1973 laudantium
988 1932 1237 1980 accenditur,

361 1990 428 2030 57.
490 1989 646 2043 pondus
681 1996 759 2037 est,
796 2002 876 2041 quo
914 1988 1073 2029 animus
1110 1989 1235 2029 fertur

359 2057 617 2098 quocumque
646 2043 785 2092 fertur,
806 2046 902 2086 254.
976 2044 1091 2085 Nihil
1122 2057 1232 2084 ama-

360 2112 450 2139 mus
469 2100 543 2140 nisi
563 2099 791 2154 pulchrum,
814 2102 880 2140 56.

303 2154 432 2195 Amor
452 2156 546 2196 Dei.
601 2157 697 2196 Non
717 2163 919 2196 amaretur
940 2156 1054 2195 Deus
1073 2155 1149 2195 nisi
1169 2168 1237 2208 per

361 2211 553 2265 Spiritum
591 2218 790 2256 sanctum,
828 2212 924 2251 252.
963 2213 1058 2251 277.
1123 2213 1238 2250 Deus

362 2267 488 2306 amari
524 2280 565 2307 se
606 2266 724 2319 jubet
769 2266 820 2305 ab
861 2266 1037 2314 homine,
1076 2271 1118 2305 et
1165 2265 1238 2306 nisi

361 2321 501 2370 faciat,
535 2321 710 2361 minatur
749 2321 930 2375 ingentes
969 2321 1158 2370 miserias,
1191 2324 1231 2361 3.

363 2377 517 2418 Omnia
533 2377 649 2417 nobis
664 2377 802 2416 dicunt
821 2384 864 2417 ut
885 2378 1017 2416 Deum
1039 2390 1234 2421 amemus,

361 2446 438 2472 nec
477 2439 635 2473 cessant
669 2433 801 2472 dicere
840 2432 1040 2479 omnibus,
1075 2440 1119 2472 ut
1157 2432 1237 2472 sint

358 2488 671 2534 inexcusabiles,
690 2489 781 2529 171.
817 2489 911 2528 Non
926 2500 1136 2542 possumus
1154 2502 1236 2527 me-

360 2543 437 2588 tiri,
473 2551 517 2584 ut
552 2544 725 2584 sciamus
753 2554 949 2598 quantum
985 2544 1088 2583 desit
1123 2544 1238 2584 nobis

363 2599 510 2640 amoris
530 2599 580 2638 ad
599 2599 641 2639 id
662 2601 769 2653 quod
787 2607 848 2639 sat
866 2608 938 2647 est,
956 2600 1055 2639 253.
1096 2599 1238 2639 Minus

362 2655 502 2696 Deum
541 2662 664 2701 amat,
705 2654 775 2708 qui
815 2668 906 2694 cum
950 2656 1041 2694 Deo
1084 2655 1236 2708 aliquid

363 2718 487 2758 amat,
508 2711 616 2764 quod
646 2723 726 2749 non
756 2718 917 2765 propter
946 2710 1082 2751 Deum
1115 2718 1238 2756 amat,

365 2767 457 2807 187.
511 2767 577 2806 lbi
595 2773 653 2806 est
673 2766 788 2806 locus
807 2766 955 2819 quietis
974 2766 1239 2820 imperturba-

361 2822 455 2861 bilis
490 2823 558 2862 ubi
594 2835 674 2861 non
710 2822 904 2862 deseritur
945 2835 1055 2862 amor
1093 2822 1126 2863 si
1154 2822 1237 2877 ipse

360 2890 441 2917 non
462 2877 632 2922 deserat,
653 2878 719 2917 54.

307 2932 435 2973 Amor
450 2933 511 2972 sui
530 2933 748 2986 improbus
794 2931 878 2971 Sibi
896 2932 1113 2983 placentem,
1129 2933 1234 2973 mul-

364 2995 450 3027 tum
474 2990 564 3028 Deo
583 2987 814 3041 displicent,
837 2988 934 3026 200.

307 3043 437 3084 Amor
467 3043 647 3098 proximi.
713 3042 755 3082 Si
791 3041 955 3094 placent
990 3040 1152 3087 animae,
1193 3042 1234 3082 in

366 3100 458 3140 Deo
492 3107 691 3146 amentur,
727 3105 767 3138 et
801 3097 852 3136 ad
884 3110 975 3137 eum
1010 3096 1230 3150 rapiantur,

307 3212 437 3252 Amor
452 3210 605 3251 mundi.
635 3210 785 3250 Amore
807 3207 1033 3247 subduntur
1051 3207 1233 3248 homines

364 3266 572 3310 creaturis.
592 3272 632 3307 et
652 3263 803 3304 subditi
827 3263 1011 3316 judicare
1041 3277 1121 3302 non
1143 3277 1231 3317 pos-

365 3329 474 3369 sunt,
510 3323 601 3363 172.
641 3319 787 3361 Amari
814 3328 855 3358 et
883 3318 1011 3358 timeri
1046 3319 1149 3359 velle
1182 3320 1233 3359 ab

365 3377 597 3418 hominibus
617 3390 697 3416 non
724 3381 884 3429 propter
916 3374 1068 3422 Deum,
1087 3374 1233 3415 misera

365 3433 449 3473 vita
466 3439 528 3473 est
548 3440 588 3473 et
606 3432 716 3472 foeda
737 3428 949 3483 jactantia,
972 3431 1063 3470 197.

310 3487 667 3542 Amphitheatrum
685 3487 869 3527 ludorum
891 3484 1232 3539 gladiatoriorum,

309 3599 584 3640 Anaximenes
622 3609 754 3637 aerem
792 3595 931 3634 Deum
969 3607 1053 3635 esse
1089 3594 1227 3644 credit,

309 3656 466 3763 Anlgffi.
499 3713 641 3749 natura
674 3704 905 3754 mutabiles,
933 3704 1036 3756 230,
1065 3705 1164 3753 234,
1186 3718 1226 3746 n.

365 3767 466 3815 235,
488 3763 581 3805 106.

1120 187 1398 238 INDEX.

1290 323 1438 378 Angeli
1456 323 1565 365 beati
1582 324 1773 366 dicuntur
1791 324 1956 367 Coelum
1974 325 2084 375 coeli,
2101 328 2202 370 231.

1346 379 1505 420 Domus
1525 380 1619 430 Dei,
1635 381 1689 423 ib.
1704 381 1800 422 234.
1836 380 2043 435 Sapientia
2053 389 2204 432 creata,

1342 435 1438 477 234.
1476 435 1601 476 Curia
1619 436 1794 477 coelestis
1814 436 2087 491 Imperatoris,
2110 439 2202 479 123.

1342 490 1519 531 coelestis
1535 491 1690 542 militia,
1705 492 1758 533 ib.
1799 493 1895 532 Nou
1912 498 2005 532 sunt
2022 493 2207 534 coaeterni

1344 545 1453 593 Deo,
1486 559 1562 587 nec
1595 554 1731 588 tamen
1758 547 1864 600 passi
1897 547 2205 588 vicissitudinem

1342 604 1688 654 temporum,230.
1738 604 1960 657 Nunquam
1980 611 2077 643 sunt
2095 617 2206 658 pere-

1349 655 1512 707 grinati,
1542 659 1610 698 sed
1644 659 1700 698 ita
1735 659 1891 699 formati
1921 666 1966 698 ut
2003 658 2086 698 sine
2122 659 2206 700 ullo

1347 710 1507 752 defectu
1534 714 1893 769 contemplationis,
1921 714 2006 754 sine
2034 714 2118 754 ullo
2145 714 2206 754 in-

1349 767 1515 808 tervallo
1549 770 1793 816 mutationis,
1823 770 2041 810 aeternitate
2072 777 2113 809 et
2146 769 2209 809 in-

1347 825 1706 865 commutabilitate
1726 825 1807 866 Dei
1825 826 2092 879 perfruantur,
2108 826 2204 866 231.

1349 877 1598 932 Angelorum
1617 881 1762 931 codex,
1779 882 1875 922 260.
2196 927 2203 937 ἱ

1297 933 1445 973 Anima
1478 935 1580 976 sicut
1615 949 1658 976 se
1694 935 1922 976 illuminare
1959 935 2010 975 de
2047 947 2088 975 se
2129 947 2208 975 non

1350 997 1496 1042 potest,
1515 991 1571 1031 ita
1591 1004 1632 1031 se
1652 991 1796 1033 satiare
1822 993 1871 1032 de
1891 1004 1933 1030 se
1954 1004 2033 1031 non
2064 997 2210 1045 potest,

1295 1098 1454 1140 Animae
1489 1107 1656 1142 mortuae
1687 1107 1820 1142 motus
1848 1108 1942 1145 tres,
1970 1099 2095 1140 fastus
2122 1100 2205 1139 ela-

1349 1156 1481 1203 tionis,
1516 1157 1728 1197 delectatio
1775 1156 1966 1202 libidinis,
2008 1168 2207 1195 venenum

1347 1211 1599 1262 curiositatis,
1634 1214 1732 1254 267.
1800 1214 1860 1252 Ea
1909 1211 2068 1251 vitando
2113 1210 2210 1250 vivit

1347 1267 1498 1314 anima,
1517 1281 1610 1320 quae
1632 1269 1856 1323 appetendo
1877 1266 2054 1312 moritur,
2076 1266 2133 1306 ib.

1293 1322 1466 1363 Animus
1487 1323 1539 1362 ad
1557 1324 1799 1379 capiendum
1814 1323 1996 1378 seipsum
2020 1328 2212 1375 angustus

1348 1386 1421 1425 est,
1450 1381 1538 1419 175.

1295 1434 1467 1475 Animus
1486 1435 1658 1489 imperat
1684 1433 1852 1488 corpori,
1870 1441 1911 1473 et
1936 1440 2097 1487 paretur
2125 1438 2207 1471 sta·

1342 1490 1439 1530 tim:
1481 1490 1648 1543 imperat
1679 1490 1769 1538 sibi,
1799 1497 1838 1529 et
1873 1489 2078 1535 resistitur,
2114 1488 2207 1527 139.

1349 1546 1561 1596 AEgritudo
1600 1546 1687 1586 haec
1725 1545 1848 1584 animi
1887 1553 1960 1592 est,
1995 1545 2092 1595 quia
2130 1556 2209 1582 non

1346 1607 1451 1641 totus
1504 1601 1674 1653 assurgit
1731 1601 1894 1640 veritate
1959 1600 2210 1646 sublevatus,

1347 1657 1631 1697 consuetudine
1659 1663 1944 1711 praegravatus,
1965 1656 2018 1696 ib.
2070 1654 2207 1694 Animi

1350 1712 1664 1767 perturbationes
1711 1721 1896 1765 quatuor,
1948 1713 2039 1751 178.
2106 1709 2209 1749 Inde

1350 1768 1507 1808 animus
1524 1769 1700 1822 pascitur
1721 1769 1825 1807 unde,
1846 1767 2018 1812 l-aetatur,
2039 1766 2135 1805 274.

1294 1823 1405 1862 Anni
1439 1823 1517 1863 Dei
1545 1837 1683 1863 omnes
1710 1823 1830 1862 simul
1861 1830 1981 1868 stant,
2011 1825 2048 1863 5.
2098 1821 2210 1860 Anni

1352 1877 1434 1918 Dei
1455 1891 1559 1919 unus
1576 1879 1674 1924 dies,
1697 1881 1736 1920 5.

1294 1933 1534 1975 Amomus
1556 1934 1777 1989 AEgyptius
1797 1932 2032 1978 monachus,
2057 1931 2148 1971 134.
2171 1937 2212 1970 et

1348 2003 1387 2029 n.
1431 1989 1496 2030 Ad
1519 1991 1653 2030 Deum
1681 2003 1894 2030 conversus
1923 1988 2055 2027 audita
2086 1999 2209 2025 evan-

1345 2044 1472 2097 gelica
1494 2059 1602 2091 voce,
1623 2047 1686 2099 (S.
1703 2048 1822 2085 Matt.
1849 2046 1911 2092 19,
1928 2042 2023 2095 21.)
2047 2047 2071 2064 ‘¹
2098 2042 2210 2089 Vade,

1347 2101 1507 2144 vende,'’
1546 2103 1636 2142 143.
1695 2103 1758 2140 Ex
1788 2100 1873 2153 ejus
1907 2099 1997 2139 vitae
2039 2098 2209 2138 lectione

1350 2164 1637 2196 convertuntur
1654 2158 1734 2197 duo
1752 2156 1905 2201 Aulici,
1931 2157 2022 2195 135.

1294 2210 1470 2257 Anubis,
1497 2214 1586 2253 127.

1293 2266 1676 2319 Apollinaristarum
1695 2279 1804 2307 error
1834 2265 1883 2306 de
1912 2263 2088 2308 Christo,
2112 2264 2207 2304 121.

1346 2328 1386 2361 et
1406 2336 1444 2361 n.

1296 2376 1478 2430 Apostoli
1499 2376 1728 2416 Luminaria
1750 2373 1904 2423 mundi,
1924 2374 2034 2429 ignes
2064 2375 2207 2422 sancti,

1347 2439 1386 2471 et
1405 2432 1554 2478 decori,
1574 2434 1668 2473 264.

1291 2487 1509 2541 Appetitus
1547 2496 1588 2528 et
1626 2493 1767 2536 metus,
1799 2485 2021 2526 facinorum
2060 2498 2207 2532 causae,

1295 2598 1451 2652 Aptum
1473 2604 1512 2638 et
1531 2597 1763 2651 pulchrum,
1784 2596 1896 2644 quid,
1918 2597 1986 2636 58.

1298 2659 1309 2676 ⁴
1331 2655 1463 2707 Aquae
1485 2666 1603 2706 super
1624 2653 1933 2692 firmamentum'
1958 2650 2117 2690 nomine
2139 2664 2211 2690 an-

1352 2709 1430 2760 geli
1450 2708 1661 2758 intellecti,
1677 2710 1771 2749 259.
1807 2708 1891 2747 Cur
1913 2708 2019 2747 solus
2040 2706 2211 2760 Spiritus

1352 2771 1527 2812 sanctus,
1569 2777 1647 2803 non
1685 2777 1778 2804 vero
1830 2764 1949 2803 Pater
1987 2770 2026 2802 et
2066 2761 2210 2810 Filius,

1349 2820 1496 2859 feratur
1513 2833 1632 2873 super
1653 2833 1792 2871 aquas,
1812 2820 1908 2859 254.

1292 2876 1518 2915 Aristotelis
1535 2876 1673 2915 decem
1695 2874 1936 2925 Categoriae,
1958 2874 2023 2913 60.

1291 2931 1594 2984 Astrologorum
1619 2944 1733 2970 vanae
1749 2930 2027 2974 divinationes,
2049 2929 2115 2975 47,
2142 2928 2209 2973 48,

1351 2988 1445 3032 108,
1472 2988 1562 3026 109.

1294 3042 1586 3082 ΑτηΑΝΑειυε
1638 3040 1938 3079 Alexandrinus
1985 3039 2207 3091 episcopus,

1344 3097 1504 3149 qualem
1525 3095 1565 3135 in
1586 3095 1747 3150 psalmis
1774 3102 1934 3134 cantum
1967 3092 2208 3148 probaverit,

1289 3206 1489 3252 Avaritia,
1507 3207 1576 3252 38,
1599 3219 1638 3247 n.

1290 3263 1504 3303 Auditores
1537 3260 1879 3307 Manichaeorum‚
1909 3261 1976 3307 31,
1998 3273 2038 3299 n.
2075 3260 2144 3305 41,
2166 3272 2205 3298 n.

1346 3321 1417 3363 45.
1440 3331 1479 3357 n.
1504 3319 1570 3357 74.

1291 3374 1605 3414 Aucusuxus.

1402 3430 1520 3468 Ortus
1540 3431 1621 3479 <jus
1644 3426 1820 3478 Infantia
1841 3434 1875 3464 et
1897 3426 2091 3464 Pueritia.

1401 3485 1534 3524 Natus
1568 3489 1628 3522 est
1663 3483 1866 3534 Thagaste
1897 3479 2116 3534 municipio
2150 3478 2209 3517 A-

1346 3538 1468 3587 fricae,
1483 3540 1553 3585 49,
1571 3539 1638 3581 52.
1656 3539 1723 3577 20.
1747 3537 1881 3576 idibus
1897 3534 2208 3581 Novembribus,

1347 3595 1438 3641 149,
1473 3608 1512 3635 n.
1582 3594 1775 3633 Parentes
1813 3592 1898 3646 ejus
1934 3590 2131 3632 Patricius
2168 3597 2208 3628 et

1342 3650 1557 3694 Monnica,
1578 3649 1669 3689 167.

1397 3705 1591 3753 Infantia,
1631 3703 1753 3744 4-7.
1828 3701 2015 3746 Pueritia,
2054 3699 2203 3739 7-17.

1342 3759 1411 3802 Ab
1484 3768 1597 3802 utero
1669 3758 1808 3799 matris
1874 3758 1915 3798 in
1982 3753 2207 3797 Christiana
