2378 4134
856 201 1290 239 ARGUMENTUM.
1932 205 2002 241 XV

851 400 1034 443 LIBER
1064 399 1292 444 NONUS.

158 501 244 545 Uni
259 501 354 559 jam
377 502 473 544 Deo
495 501 642 544 vivere
664 502 863 554 studens,
880 501 1136 545 Rhetoricae
1159 499 1504 559 professionem,
1526 500 1605 543 sed
1627 514 1714 543 non
1738 507 1842 544 ante
1855 507 1999 544 trans-

210 581 331 618 actas
354 574 641 617 vindemiales
665 574 800 618 ferias
835 587 936 631 quae
961 574 1168 632 proxime
1195 573 1439 625 instabant,
1463 573 1662 630 abjicere
1685 574 1863 616 statuit.
1926 575 1998 616 In-

209 647 339 690 terim
361 661 463 690 rure
493 647 747 691 Cassiciaco
769 649 887 705 apud
910 647 1105 690 amicum
1129 647 1226 704 ejus
1247 647 1562 689 Verecundum
1585 647 1640 690 ad
1660 646 1994 704 percipiendam

208 720 424 775 Baptismi
445 721 637 778 gratiam
664 735 712 763 se
742 727 868 778 parat
881 738 894 772 ;
941 735 991 763 ac
1023 721 1205 763 tandem
1232 734 1335 762 cum
1355 719 1537 776 Alypio,
1560 726 1607 762 et
1627 720 1720 762 filio
1743 734 1826 762 suo
1848 720 1995 762 Adeo-

207 793 310 835 dato
330 793 596 850 baptizatur.
658 795 755 836 Nec
777 794 918 836 multo
932 799 1051 851 post,
1073 792 1274 836 Africam
1291 798 1516 850 repetens,
1539 793 1715 837 Ostiam
1735 793 1875 845 venit,
1889 807 1994 836 cum

206 866 360 908 amicis
402 873 447 908 et
488 873 628 909 matre
671 867 897 919 Monnica,
932 867 1058 924 cujus
1101 866 1240 908 vitam
1269 872 1314 908 et
1341 872 1519 909 sanctos
1553 880 1698 909 mores
1723 866 1847 909 brevi
1873 880 1994 908 com-

205 938 366 995 pendio
406 939 604 992 exhibet,
644 952 831 996 quaeque
882 939 1047 982 ibidem
1095 939 1371 998 defungitur,
1421 953 1537 983 anno
1589 939 1737 983 aetatis
1778 952 1873 982 suae
1913 937 1990 990 56,

205 1011 446 1069 Augustini
465 1012 539 1056 33.
1906 1010 1989 1054 145

808 1186 990 1227 LIBER
1022 1186 1315 1228 DECIMUS.

144 1284 525 1335 Quemadmodum
547 1285 767 1342 prioribus
789 1285 936 1328 Libris
958 1285 1147 1341 aperuit,
1171 1285 1314 1340 qualis
1346 1292 1449 1327 ante
1481 1291 1741 1341 perceptam
1771 1284 1986 1341 baptismi

202 1358 391 1414 gratiam
413 1358 562 1408 fuerit,
579 1359 623 1399 in
645 1359 730 1401 hoc
752 1364 991 1409 scrutatur,
1009 1358 1152 1413 qualis
1175 1363 1294 1400 esset
1313 1372 1399 1413 quo
1416 1364 1617 1413 tempore
1633 1357 1730 1399 haec
1748 1357 1984 1399 scribebat.

199 1431 265 1471 Ac
287 1430 478 1485 primum
501 1445 547 1472 se
571 1431 716 1472 Deum
738 1445 887 1472 amare
908 1431 1156 1487 profitetur.
1220 1432 1335 1472 Tum
1355 1443 1455 1485 quae
1473 1430 1530 1472 ad
1544 1430 1693 1486 ipsum
1709 1443 1984 1485 cognoscen-

201 1502 304 1542 dum
326 1501 517 1544 ineunda
539 1503 597 1544 sit
619 1504 689 1545 via
719 1503 985 1559 disquirens,
1008 1517 1163 1545 omnes
1195 1503 1358 1545 animae
1388 1516 1481 1545 suae
1514 1502 1754 1545 facultates
1785 1502 1947 1544 lustrat
1967 1519 1980 1554 ;

199 1575 277 1615 sed
296 1574 340 1615 in
364 1575 518 1630 primis
539 1576 815 1626 memoriam,
838 1576 964 1632 cujus
988 1576 1075 1617 vim
1098 1576 1228 1632 plane
1243 1576 1508 1631 stupendam
1526 1575 1722 1626 exhibet,
1745 1575 1980 1630 Deumque

198 1646 242 1687 in
265 1646 362 1702 ipsa
382 1647 581 1689 habitare
603 1648 776 1705 dignari
798 1649 1008 1691 ostendit.
1073 1649 1245 1691 Deinde
1262 1648 1446 1703 inquirit
1467 1648 1513 1689 in
1535 1654 1679 1699 actus,
1696 1648 1742 1689 in
1763 1661 1919 1690 sensus
1934 1654 1979 1690 et

197 1719 380 1761 affectus
404 1734 522 1771 suOS,
537 1735 594 1764 ex
615 1721 779 1777 triplici
801 1721 1063 1771 tentatione,
1086 1721 1344 1777 voluptatis,
1363 1721 1635 1763 curiositatis
1657 1727 1702 1762 et
1725 1720 1946 1776 superbiae
1962 1737 1976 1771 3

195 1799 239 1833 et
261 1793 364 1846 quid
397 1793 515 1835 circa
545 1808 899 1849 unamquamque
931 1795 1194 1850 praescribat
1224 1794 1521 1850 temperantia
1555 1793 1831 1844 Christiana,
1853 1793 1979 1835 lucu-

195 1863 341 1905 lentur
372 1866 513 1907 docet.
572 1868 687 1908 Tum
720 1868 774 1908 de
808 1866 990 1908 Christo
1024 1868 1271 1908 Mediatore
1305 1866 1499 1917 disserit,
1534 1866 1660 1922 cujus
1703 1880 1787 1922 ope
1819 1879 1974 1907 omnes

195 1937 354 1978 animae
377 1950 468 1979 suae
490 1938 724 1994 languores
748 1946 950 1981 sanatum
974 1939 1027 1980 iri
1046 1939 1242 1981 confidit.
1891 1935 1973 1980 168

741 2111 923 2153 LIBER
957 2111 1345 2153 UNDECIMUS.

132 2209 242 2259 Quae
263 2223 320 2253 ex
340 2210 545 2253 instituto
568 2212 753 2253 dicenda
774 2212 1081 2262 occurrebant,
1106 2226 1191 2267 quo
1214 2212 1393 2253 tandem
1411 2212 1543 2253 modo
1559 2212 1613 2253 ad
1633 2210 1788 2253 Officia
1806 2209 1969 2252 Divina

189 2283 443 2336 exequenda
463 2283 597 2324 fuerit
619 2285 876 2339 perductus,
901 2284 1080 2326 silentio
1102 2286 1322 2341 praeterit,
1347 2286 1493 2325 Deum
1519 2298 1577 2326 ex
1604 2298 1657 2325 eo
1691 2284 1965 2333 laudaturus,

187 2355 301 2408 quod
325 2355 565 2410 Scripturae
588 2368 680 2397 suae
701 2357 913 2398 interiora
935 2357 1100 2398 sensim
1126 2357 1166 2398 ei
1188 2357 1425 2412 aperuerit.
1490 2357 1678 2412 Moysen
1700 2370 1787 2398 non
1811 2355 1896 2396 nisi
1919 2355 1965 2396 in

189 2425 368 2468 Christo
390 2427 727 2484 intelligendum
751 2443 849 2470 esse
872 2429 1049 2479 fatetur,
1070 2443 1124 2470 ne
1139 2429 1373 2472 exordium
1396 2429 1572 2484 quidem
1596 2429 1696 2470 libri
1720 2429 1963 2478 Geneseos,

188 2498 238 2537 In
246 2498 458 2553 principio
462 2500 575 2553 fecit
593 2502 708 2542 Dens
729 2502 873 2543 coelum
890 2506 930 2543 et
947 2507 1116 2543 terram.
1153 2503 1220 2543 De
1238 2503 1306 2543 his
1325 2503 1563 2552 disserens,
1582 2502 1774 2543 occurrit
1790 2502 1965 2542 obtrec-

185 2570 397 2620 tantibus,
420 2575 452 2594 “
474 2571 577 2626 quid
599 2572 765 2614 faceret
796 2574 918 2614 Deus
942 2580 1179 2629 antequam
1202 2575 1367 2616 coelum
1389 2581 1434 2615 et
1455 2581 1621 2615 terram
1645 2575 1882 2624 conderet3
1916 2580 1962 2615 et

184 2642 300 2682 unde
321 2642 361 2683 ei
382 2642 427 2683 in
450 2650 644 2684 mentem
675 2645 843 2686 venerit
873 2647 1053 2687 tandem
1076 2646 1311 2700 aliquando
1335 2660 1388 2688 ea
1410 2646 1572 2697 facere,
1594 2662 1696 2688 cum
1719 2653 1850 2688 antea
1871 2660 1960 2687 non

183 2713 409 2754 fecisset.'’
470 2715 588 2756 Dum
620 2730 724 2758 vero
756 2716 808 2758 iis
842 2717 1097 2759 refellendis
1130 2718 1312 2769 insistit,
1346 2719 1400 2760 de
1441 2720 1662 2776 Tempore
1699 2719 1878 2776 copiose
1914 2729 1959 2764 et

182 2793 385 2828 accurate
408 2786 599 2828 disserit.
1869 2796 1957 2839 205

719 2961 899 3003 LIBER
931 2961 1358 3006 DUODECIMUS.

119 3056 254 3097 Primi
276 3057 499 3100 Geneseos
525 3059 731 3102 versiculi
753 3060 1169 3118 interpretationem
1201 3065 1500 3120 prosequitur,
1525 3067 1577 3107 In
1604 3067 1820 3124 principio
1838 3070 1954 3123 fecit

179 3130 295 3170 Deus
315 3131 459 3171 coelum
481 3136 521 3172 et
544 3137 697 3174 terram
714 3149 731 3180 ,·
766 3134 811 3174 in
833 3149 918 3189 quo
940 3136 1034 3176 coelt
1056 3137 1234 3178 nomine
1266 3138 1508 3194 significari
1541 3140 1670 3181 docet
1701 3149 1949 3185 creaturam

175 3200 296 3242 illam
318 3201 591 3256 spiritualem
615 3205 683 3246 vel
714 3206 1078 3258 intellectualem,
1102 3222 1201 3263 quae
1234 3210 1394 3252 faciem
1431 3212 1514 3252 Dei
1549 3226 1724 3268 semper
1754 3221 1953 3257 contem-

176 3271 347 3326 platur3
383 3279 509 3316 terrae
539 3283 686 3318 autem
715 3279 928 3320 vocabulo
961 3280 1197 3322 informem
1231 3284 1479 3334 materiam,
1503 3298 1555 3325 ex
1578 3299 1663 3339 qua
1684 3300 1832 3327 rerum
1855 3302 1950 3329 cor-

174 3357 404 3397 porearum
427 3348 597 3402 species
619 3349 796 3391 fuerunt
821 3352 1006 3406 posthac
1022 3353 1243 3396 formatae.
1305 3356 1472 3397 Verum
1495 3356 1602 3397 alias
1626 3357 1948 3413 interpretandi

174 3414 364 3456 rationes
396 3417 730 3475 haudquaquam
767 3423 1078 3479 improbandas
1111 3439 1236 3476 esse;
1286 3427 1375 3468 imo
1408 3441 1465 3470 ex
1503 3428 1746 3484 Scripturae
1785 3431 1948 3474 divinae

171 3487 469 3540 profunditate
497 3505 674 3534 sensum
697 3494 988 3551 multiplicem
1020 3498 1112 3538 erui
1147 3512 1278 3553 posse
1310 3506 1355 3540 et
1386 3500 1562 3550 debere,
1585 3501 1799 3555 quinimo,
1822 3504 1948 3559 quid-

171 3558 275 3612 quid
296 3559 475 3602 omnino
496 3563 586 3604 veri
618 3564 662 3605 in
693 3566 788 3620 ejus
818 3569 963 3610 verbis
996 3569 1183 3611 inveniri
1218 3577 1384 3626 potest,
1417 3572 1461 3613 id
1493 3572 1537 3613 in
1570 3573 1624 3615 iis
1657 3588 1810 3618 revera
1842 3591 1946 3619 con-

170 3629 317 3682 tineri,
340 3633 588 3677 confitetur.
1857 3649 1945 3692 226
