2378 4134
258 188 366 234 302

315 331 445 373 eoque
465 323 590 360 morte
606 317 783 366 sublato,
803 318 914 361 dolet
937 318 1186 374 gravissime.

318 374 520 416 Mirabilis
548 374 728 416 efficacia
755 375 996 416 sacramenti
1025 373 1187 430 Baptis-

316 430 390 471 mi.
1133 430 1188 470 49

259 486 314 527 V.
346 487 432 528 Cur
450 486 566 527 fletus
583 486 716 527 dulcis
740 485 907 527 miseris.
1129 486 1186 527 50

259 541 343 582 VI.
373 543 562 591 Quantus
580 555 632 583 ex
649 541 767 583 amici
789 548 913 582 morte
932 540 1058 581 dolor.
1129 542 1180 582 51

260 597 367 638 V11.
398 597 655 652 Impatientia
665 597 812 639 doloris
822 603 952 637 mutat
962 596 1110 638 locum.
1129 597 1183 637 52

259 653 391 693 VIII.
428 654 605 708 Tempus
642 660 683 694 et
726 653 947 694 amicorum
982 652 1186 706 colloquia

313 707 443 749 dolori
463 710 688 750 medentur.
1129 709 1184 747 id.

258 763 340 806 IX.
378 765 445 806 De
480 764 660 805 humana
694 762 883 804 amicitia.
927 763 1079 804 Beatus
1113 762 1184 816 qui

313 828 423 860 amat
443 819 484 860 in
503 821 612 860 Deo.
1130 819 1184 858 53

256 875 313 916 Χ.
342 875 508 916 Labiles
541 881 749 923 creaturae,
781 886 855 915 nec
888 873 931 914 in
966 873 1023 914 eis
1054 880 1184 928 potest

313 931 449 972 anima
468 930 729 984 requiescere.
1125 930 1183 970 id.

255 986 336 1026 XI.
368 985 518 1027 Omnia
537 991 672 1026 creata
689 990 783 1026 sunt
799 983 1016 1025 instabilia.
1062 983 1183 1024 Solus

313 1041 429 1082 Deus
452 1040 622 1082 stabilis.
1127 1041 1183 1081 54

255 1097 362 1137 XII.
393 1098 523 1138 Amor
538 1110 619 1136 non
638 1094 902 1150 improbatur,
918 1095 1037 1136 modo
1058 1094 1099 1136 in
1119 1094 1183 1136 his

309 1166 401 1206 quae
421 1153 598 1208 placent,
620 1163 801 1192 amemus
822 1152 978 1192 Deum.
1124 1153 1179 1192 55

254 1207 385 1248 XIII.
418 1211 546 1249 Amor
565 1207 672 1248 unde
691 1206 913 1262 proveniat.
1124 1208 1181 1247 56

253 1264 376 1305 XIV.
413 1264 526 1304 Libri
551 1264 602 1304 de
628 1262 738 1316 Apto
765 1269 805 1303 et
833 1261 1011 1303 Pulchro
1038 1261 1179 1303 Hierio

308 1319 545 1375 nuncupati.
587 1319 707 1361 Unde
728 1317 835 1358 hunc
855 1325 1076 1358 amaverat.
1123 1319 1176 1358 57

253 1376 351 1416 XV.
383 1377 504 1424 Quod
523 1374 799 1431 corporalibus
821 1373 1063 1428 imaginibus
1083 1386 1180 1414 con-

306 1433 556 1482 tenebratus,
577 1445 658 1472 non
684 1429 815 1485 potuit
844 1443 987 1485 capere
1016 1429 1179 1485 spiritu-

308 1488 405 1528 alia.
1125 1487 1178 1526 58

252 1543 290 1583 X
300 1545 332 1585 V
342 1545 361 1584 I
369 1572 379 1583 .
410 1543 642 1596 Categorias
653 1541 882 1582 Aristotelis
897 1548 938 1582 et
951 1540 1177 1582 liberalium

305 1599 449 1639 artium
470 1600 592 1640 libros
609 1612 680 1654 per
696 1611 739 1638 se
759 1597 974 1639 intellexit.
1124 1598 1178 1639 60

459 1735 644 1778 LIBER
683 1734 968 1786 QUINTUS.

248 1827 287 1868 Ι.
323 1826 483 1867 Excitat
519 1833 696 1868 mentem
734 1825 788 1866 ad
829 1826 966 1866 Deum
1005 1824 1177 1866 laudan-

305 1883 420 1923 dum.
1123 1881 1177 1921 63

248 1939 312 1979 II.
343 1938 423 1979 Dei
435 1936 687 1993 praesentiam
702 1936 859 1991 iniquos
875 1949 954 1976 non
971 1935 1172 1990 effugere:

303 1994 439 2049 itaque
457 1994 510 2034 ad
528 2006 621 2034 eum
643 1994 789 2034 debere
811 1992 1006 2033 converti.
1119 1994 1176 2033 id.

248 2050 338 2091 III.
371 2052 436 2090 De
462 2050 611 2090 Fausto
633 2049 870 2097 manichaeo,
893 2055 934 2088 et
964 2048 1014 2088 de
1043 2047 1176 2102 philo-

303 2106 520 2161 sophorum
552 2106 733 2145 caecitate
765 2104 833 2159 qui
870 2117 940 2157 per
972 2111 1176 2144 creaturas

305 2162 538 2203 Creatorem
557 2174 638 2200 non
659 2166 949 2212 cognoverunt.
1119 2160 1174 2199 64

249 2217 331 2259 IV.
362 2217 458 2257 Sola
482 2216 562 2256 Dei
580 2215 752 2270 cognitio
772 2216 881 2256 beat.
1120 2217 1174 2255 66

248 2273 307 2314 V.
342 2271 567 2313 Manichaei
596 2272 646 2312 de
680 2270 792 2312 astris
821 2269 1017 2323 imperitia
1042 2269 1174 2324 indig-

300 2342 398 2368 num
419 2341 510 2369 eum
534 2327 610 2367 fide
629 2326 670 2366 in
689 2327 842 2367 caeteris
860 2326 1047 2365 faciebat.
1118 2327 1170 2367 67

247 2384 328 2425 VI.
370 2385 541 2424 Faustus
585 2382 795 2436 eloquens,
832 2381 902 2423 sed
946 2381 1171 2423 liberalium

301 2439 603 2494 disciplinarum
623 2451 782 2493 expers,
1118 2440 1171 2479 68

248 2496 357 2537 VII.
402 2495 616 2536 Alienatur
672 2507 697 2534 a
758 2501 869 2534 secta
917 2491 1172 2534 Manichaeo-

303 2565 410 2592 rum.
1119 2550 1174 2590 69

246 2607 382 2647 VIII.
412 2605 679 2647 Proficiscitur
703 2605 881 2644 Romam
914 2611 1056 2645 contra
1085 2618 1172 2645 ma-

299 2663 369 2703 tris
388 2663 648 2704 voluntatem.
1118 2662 1173 2702 70

244 2719 326 2758 IX.
370 2718 487 2760 Febri
531 2723 736 2772 correptus
788 2715 1008 2772 periculose
1056 2716 1171 2757 labo-

301 2780 374 2814 rat.
1118 2774 1172 2813 72

245 2831 298 2870 X.
330 2831 494 2870 Errores
540 2835 634 2869 ante
680 2834 910 2882 susceptam
959 2829 1173 2884 Evangelii

299 2886 538 2926 doctrinam.
803 2907 808 2912 .
1118 2886 1172 2924 74

243 2941 323 2981 XI.
356 2940 539 2988 Qualiter
561 2938 810 2994 Augustinus
839 2939 1051 2980 contulerit
1077 2953 1168 2980 cum

299 2995 523 3036 catholicis.
1117 2996 1170 3036 77

242 3052 350 3092 XII.
382 3052 507 3091 Fraus
525 3048 812 3104 discipulorum
835 3050 976 3090 Rornae
1000 3049 1043 3090 in
1063 3064 1166 3105 prae-

297 3114 492 3162 ceptoreS.
1113 3107 1166 3147 78

241 3163 372 3204 XIII.
405 3164 609 3203 Docturus
625 3159 862 3200 rhetoricam
883 3159 1053 3200 mittitur
1075 3162 1166 3201 Me-

294 3218 525 3267 diolanum3
554 3218 605 3258 ab
625 3215 837 3256 Ambrosio
856 3215 1083 3270 suscipitur.
1112 3218 1166 3257 79

241 3275 366 3315 XIV.
411 3274 560 3314 Audito
599 3271 831 3319 Ambrosio,
880 3273 1075 3328 paulatim
1114 3273 1165 3313 ab

295 3330 494 3371 erroribus
513 3327 721 3383 resipiscit.
1107 3330 1165 3370 id.

470 3451 656 3493 LIBER
692 3452 928 3495 SEXTUS.

237 3544 276 3586 I.
307 3544 561 3599 Augustinus
591 3557 666 3585 nec
699 3541 958 3584 Manichaeus
991 3556 1065 3586 nec
1096 3556 1164 3584 ca-

294 3599 478 3642 tholicus.
1111 3600 1165 3639 82

239 3656 302 3697 11.
348 3657 494 3710 Epulae
533 3663 574 3697 et
607 3653 771 3711 synaxis
821 3655 930 3711 apud
980 3654 1168 3712 sepulcra

291 3718 528 3765 martyrum.
1110 3711 1164 3751 83

903 181 991 233 IN
1003 181 1168 234 DEX
1209 179 1593 234 CAPITUM.

1244 317 1335 359 111.
1365 318 1664 384 occupationes
1673 327 1716 362 et
1729 319 1861 362 studia
1873 319 2086 364 Ambrosii.
2107 323 2162 364 84

1245 373 1327 415 IV.
1357 373 1593 416 Doctrinam
1618 376 1809 419 Ecclesioe
1833 376 2048 420 Ambrosio
2067 391 2163 420 con-

1299 427 1485 471 cionante
1501 430 1702 486 intelligit.
2108 435 2164 475 86

1245 483 1300 524 V.
1331 484 1398 525 De
1415 499 1618 528 sacrorum
1640 487 1851 529 Librorum
1870 487 2106 530 auctoritate
2123 496 2165 530 et

1297 541 1520 582 necessario
1535 555 1623 583 usu.
2109 545 2162 585 87

1241 593 1324 634 VI.
1355 595 1422 636 De
1451 596 1958 662 miseria-ambitiosorum,
1989 599 2164 640 adducto

1242 650 1673 770 Vfixremlpllpprinlffimgn
1689 654 1956 751 lgi501etrlssium
2005 655 2165 750 insariiii

1295 769 1506 804 convertit.
2108 766 2159 805 91

1242 815 1375 856 VIII.
1410 817 1581 872 Alypius
1607 818 1763 875 capitur
1790 820 1951 862 insania
1976 820 2164 861 ludorum

1293 871 1635 926 gladiatoriorum,
1652 888 1678 915 a
1697 875 1843 930 quibus
1873 884 1991 917 antea
2017 876 2163 917 abhor-

1294 934 1444 968 ruerat.
2107 933 2162 973 93

1238 981 1320 1024 ΙΧ.
1349 983 1524 1038 Alypius
1542 992 1588 1026 ut
1607 984 1671 1026 fur
1690 984 2015 1040 apprehenditur.
2105 989 2161 1028 id.

1236 1038 1291 1078 X.
1335 1039 1400 1079 De
1446 1039 1672 1096 integritate
1722 1041 1867 1096 Alypii
1907 1048 1948 1082 et
1988 1043 2163 1084 adventu

1298 1094 1497 1136 Nebridii.
2108 1099 2164 1139 95

1237 1149 1316 1190 XI.
1347 1150 1506 1192 Anxius
1544 1151 1797 1207 Augustinus
1830 1151 1880 1192 de
1922 1151 2166 1194 instituenda

1295 1204 1376 1246 vita
1397 1205 1606 1250 deliberat.
2109 1210 2164 1250 96

1236 1261 1343 1302 XII.
1373 1261 1588 1305 contentio
1606 1262 1708 1304 inter
1723 1262 1922 1318 Alypium
1940 1269 1980 1304 et
1998 1263 2162 1318 Augus-

1293 1317 1420 1357 tinum
1442 1318 1492 1360 de
1514 1318 1766 1359 matrimonio
1788 1327 1828 1359 et
1846 1318 2049 1361 caelibatu.
2108 1321 2161 1361 98

1238 1373 1368 1413 XlII.
1403 1374 1517 1415 Uxor
1536 1374 1729 1429 quaeritur
1748 1375 1994 1429 Augustino.
2107 1377 2162 1417 99

1236 1428 1358 1469 XIV.
1402 1429 1468 1470 De
1506 1431 1585 1471 vita
1623 1430 1827 1471 communi
1872 1431 2031 1485 agenda
2068 1444 2162 1472 cum

1293 1484 1434 1524 amicis
1451 1486 1666 1527 deliberat.
2084 1489 2163 1527 100

1238 1539 1335 1580 XV.
1373 1541 1425 1580 In
1462 1541 1598 1582 locum
1639 1541 1879 1583 discedentis
1922 1542 2162 1583 concubinae

1296 1595 1377 1636 alia
1396 1598 1592 1638 succedit.
2086 1600 2159 1638 101

1237 1650 1358 1691 XVI.
1390 1652 1536 1693 Mortis
1554 1662 1595 1694 et
1609 1651 1754 1708 judicii
1781 1658 1931 1694 metum
1951 1666 2162 1707 nunquam

1293 1706 1491 1762 deposuit.
2105 1712 2162 1752 id.

1429 1846 1613 1886 LIBER
1654 1847 1963 1888 SEPTIMUS.

1235 1926 1272 1967 1.
1304 1927 1441 1968 Deum
1462 1928 1609 1981 cogitat
1631 1937 1822 1983 tanquam
1844 1930 1995 1984 aliquid
2019 1943 2159 1984 corpo-

1290 1996 1400 2023 reum
1423 1999 1494 2039 per
1513 1985 1670 2025 infinita
1689 1987 1819 2040 spatia
1837 1987 2041 2027 diffusum.
2080 1988 2159 2026 102

1235 2038 1296 2079 II.
1327 2039 1583 2080 Momentum
1600 2055 1681 2095 quo
1700 2043 1740 2082 N
1745 2042 1921 2083 ebridius
1934 2043 2160 2082 confutarat

1291 2095 1562 2136 Manichaeos.
2079 2099 2158 2138 104

1235 2148 1321 2190 111.
1366 2151 1555 2192 Liberum
1613 2152 1820 2193 arbitrium
1881 2165 2005 2195 causa
2061 2167 2157 2206 pec-

1290 2206 1383 2246 cati.
2079 2211 2157 2249 105

1232 2260 1313 2301 IV.
1361 2263 1499 2302 Deum
1536 2262 1875 2319 incorruptibilem
1914 2278 2000 2305 esse
2038 2278 2155 2319 opor-

1287 2323 1356 2357 tet.
2079 2322 2157 2361 106

1235 2373 1291 2413 V.
1322 2373 1480 2421 Quaerit
1501 2372 1642 2414 iterum
1677 2375 1783 2416 unde
1812 2375 1982 2423 malum,
2003 2382 2043 2416 et
2064 2390 2155 2429 quae

1290 2428 1403 2468 radix
1424 2429 1526 2483 ejus.
2080 2433 2156 2472 107

1233 2483 1313 2524 VI.
1345 2484 1730 2526 Mathematicorum
1766 2484 2028 2527 divinationes
2061 2487 2156 2540 reji-

1289 2539 1358 2580 cit.
2076 2544 2154 2583 108

1234 2595 1337 2635 VII.
1375 2596 1526 2637 Misere
1566 2605 1771 2651 torquetur
1806 2596 2010 2652 inquirens
2048 2598 2156 2639 unde

1290 2651 1340 2690 sit
1359 2652 1527 2692 malum.
2077 2655 2091 2693 l
2107 2656 2150 2693 ll

1233 2706 1364 2747 VIII.
1395 2709 1608 2756 Quomodo
1622 2709 1757 2750 divina
1775 2708 2041 2750 misericordia
2060 2710 2155 2749 sub-

1286 2763 1438 2803 venerit
1456 2764 1699 2818 Augustino.
2074 2767 2154 2806 112

1232 2818 1310 2859 IX.
1342 2819 1392 2858 In
1415 2820 1714 2861 Platonicorum
1734 2819 1845 2860 libris
1868 2820 1990 2860 Verbi
2016 2822 2154 2861 aeterni

1285 2874 1551 2924 divinitatem,
1575 2889 1654 2916 non
1675 2875 1869 2916 incarnati
1887 2875 2151 2916 humilitatem

1286 2929 1451 2970 invenit.
2097 2934 2153 2972 id.

1231 2985 1286 3025 X.
1318 2986 1482 3026 Clarius
1515 2986 1769 3027 innotescunt
1800 2986 1887 3039 jam
1923 2984 2152 3039 Augustino

1284 3039 1433 3081 divina.
2070 3043 2150 3083 115

1227 3094 1306 3135 XI.
1349 3097 1563 3144 Quomodo
1612 3103 1803 3138 creaturae
1848 3104 1955 3146 sunt,
1993 3103 2033 3137 et
2070 3110 2151 3137 non

1282 3158 1390 3191 sunt.
2070 3154 2152 3194 116

1226 3206 1335 3247 XII.
1377 3207 1527 3248 Omnia
1572 3208 1695 3257 bona,
1733 3221 2002 3263 quaecumque
2044 3216 2151 3249 sunt.

2094 3267 2150 3306 id.

1227 3317 1359 3358 XIII.
1402 3317 1552 3360 Omnia
1589 3318 1749 3359 condita
1786 3317 1957 3359 laudant
1996 3319 2149 3360 Deum.

1227 3430 1351 3471 XIV.
1387 3429 1508 3470 Sanae
1528 3429 1670 3470 mentis
1699 3428 1851 3470 homini
1884 3429 1982 3470 nihil
2009 3428 2149 3485 displi-

1280 3493 1346 3526 cet
1363 3484 1467 3526 inter
1488 3491 1693 3525 creaturas
1714 3484 1811 3527 Dei.
2091 3488 2148 3527 id.

1225 3541 1327 3582 XV.
1369 3540 1587 3589 Quomodo
1633 3540 1776 3582 veritas
1821 3546 1862 3581 et
1909 3539 2060 3582 falsitas
2105 3540 2148 3581 in

1281 3596 1490 3638 creaturis.
2068 3598 2146 3637 118

1226 3653 1350 3694 XVI.
1382 3650 1532 3694 Omnia
1553 3652 1677 3702 bona,
1694 3651 1789 3694 licet
1805 3651 2046 3707 quibusdam
2064 3665 2145 3692 non

1279 3714 1390 3763 apta.
2083 3708 2137 3747 id.
