2378 4134
1301 0 1453 48 73⁶2

473 248 624 302 CON
632 244 1079 300 FESSIONUM
1119 244 1357 298 LIBER
1396 243 1502 296 ΙΙΙ.
1847 243 1918 293 29

137 385 187 431 4.
226 381 299 432 At
320 396 421 446 ego
445 385 573 431 tunc
598 377 759 430 miser
784 377 962 430 dolere
988 376 1254 439 amabam,
1279 382 1335 427 et
1359 373 1665 444 quaerebam
1692 379 1753 424 ut
1776 378 1918 425 esset

65 464 211 534 quod
250 463 500 529 dolerem,
544 462 760 533 quando
802 462 936 514 mihi
977 462 1036 513 in
1078 478 1315 513 aerumna
1351 459 1545 523 aliena,
1584 465 1638 510 et
1674 458 1825 522 salsa,
1863 464 1918 509 et

63 549 350 612 saltatoria,
375 566 440 600 ea
463 548 636 615 magis
660 548 910 616 placebat
933 547 1073 599 actio
1096 545 1392 608 histrioniS,
1417 561 1613 614 meque
1646 542 1919 594 alliciebat

62 633 447 696 vehementiuS,
473 651 581 702 qua
611 632 745 683 mihi
776 632 1028 700 lacrymae
1061 629 1489 683 excutiebantur.
1566 627 1714 688 Quid
1738 633 1916 679 autem

62 718 253 770 mirum
285 736 408 770 cum
438 717 628 769 infelix
660 735 830 786 pecus
867 718 1117 769 aberrans
1154 734 1186 768 a
1219 732 1379 783 grege
1406 722 1517 776 tun,
1543 720 1597 766 et
1626 712 1918 781 impatiens

62 803 319 855 custodiae
353 811 458 855 tuae
490 802 633 871 turpi
667 801 848 855 scabie
883 798 1146 854 foedarer?
1222 801 1298 852 Et
1327 799 1455 851 inde
1489 804 1641 851 erant
1673 797 1917 849 dolorum

62 906 284 952 amoreS,
307 905 418 939 non
444 888 641 957 quibus
666 887 825 940 altius
848 893 1176 956 penetrarer3
1214 904 1324 938 non
1350 885 1493 938 enim
1519 886 1765 937 amabam
1791 884 1920 936 talia

61 973 286 1042 perpeti,
313 974 493 1043 qualia
517 980 788 1041 spectare3
829 972 923 1024 sed
950 972 1148 1041 quibus
1173 970 1370 1024 auditis
1395 978 1449 1022 et
1474 970 1636 1035 fictis,
1660 976 1918 1039 tanquam

61 1059 118 1110 in
152 1059 435 1128 superficie
472 1058 706 1111 raderer:
749 1075 886 1127 quos
917 1065 1097 1110 tamen
1131 1058 1288 1126 quasi
1322 1074 1529 1124 ungues
1563 1054 1918 1124 scalpentium

62 1145 294 1197 fervidus
343 1152 534 1207 tumor,
572 1151 627 1195 et
672 1145 843 1209 tabeS,
881 1150 935 1195 et
985 1143 1160 1194 sanies
1207 1142 1423 1195 hon-ida
1473 1143 1915 1211 consequebatur.

63 1230 212 1282 Talis
235 1230 345 1282 vita
368 1248 504 1293 mea,
530 1229 794 1298 numquid
819 1229 930 1281 vita
955 1235 1081 1292 erat,
1107 1229 1260 1280 Deus
1284 1227 1471 1280 meus?

136 1319 185 1366 5.
224 1316 300 1366 Et
333 1315 752 1367 circumvolabat
785 1332 944 1382 super
972 1332 1058 1366 me
1090 1312 1267 1364 fidelis
1298 1331 1330 1364 a
1358 1315 1520 1380 longe
1553 1309 2124 1403 msefi⁰0¹'di²'‘1„¹}{j,0,

63 1408 169 1453 tua.
245 1402 312 1451 In
339 1408 566 1470 quantas
591 1399 901 1469 iniquitates
929 1399 1182 1464 distabui,
1210 1405 1263 1450 et
1294 1398 1610 1465 sacrilegam
1638 1397 1914 1449 curiosita-
1931 1419 1971 1457 la
1990 1419 2117 1458 rheto-

64 1495 170 1538 tem
213 1494 428 1538 secutus
471 1504 606 1548 sum,
647 1492 707 1536 ut
752 1484 1080 1536 deserentem
1123 1492 1194 1547 te,
1234 1484 1522 1536 deduceret
1562 1501 1648 1534 me
1694 1482 1763 1533 ad
1804 1482 1915 1533 ima
1931 1473 2097 1566 ἓῖεξξο

62 1570 246 1633 infida,
276 1577 329 1621 et
366 1570 808 1622 circumventoria
844 1570 1108 1639 obsequia
1145 1568 1546 1632 daemoniorum,
1579 1567 1777 1636 quibus
1814 1567 1912 1618 im-
1931 1594 2015 1644 qum
2035 1580 2119 1620 fac-

62 1656 329 1707 molabam
371 1654 515 1706 facta
560 1672 681 1706 mea
727 1655 885 1717 mala,
925 1662 979 1706 et
1024 1655 1082 1705 in
1132 1655 1383 1706 omnibus
1433 1654 1747 1720 flagellabas
1795 1635 2124 1730 Πιθὶἓζῐζξιζω·

64 1742 240 1792 Ausus
278 1758 394 1791 sum
432 1740 593 1791 etiam
630 1740 687 1790 in
725 1739 1030 1792 celebritate
1070 1739 1466 1791 solemnitatum
1510 1746 1737 1801 tuarum,
1775 1738 1915 1790 intra

63 1827 291 1895 parietes
327 1826 567 1878 ecclesiae
606 1833 712 1877 tuae
756 1826 1139 1894 concupiscere
1183 1834 1236 1877 et
1279 1843 1435 1892 agere
1477 1825 1754 1891 negotium
1793 1842 1915 1893 pro-

65 1910 285 1963 curandi
319 1911 521 1963 fructus
553 1911 761 1963 mortis:
801 1910 944 1962 unde
976 1929 1060 1962 me
1097 1911 1384 1962 verberasti
1422 1911 1673 1977 gravibus
1707 1910 1916 1978 poenis3

65 1996 160 2048 sed
183 1997 319 2047 nihil
346 1996 415 2048 ad
440 1997 655 2064 culpam
681 2015 871 2060 meam,
898 2014 929 2046 o
956 2004 1015 2047 tu
1038 1995 1371 2064 praegrandis
1394 1994 1759 2047 misericordia
1783 2013 1920 2059 mea,

65 2082 214 2132 Deus
231 2099 397 2145 meus,
411 2081 676 2147 refugium
696 2100 874 2132 meum
894 2100 926 2133 a
943 2082 1269 2133 terribilibus
1288 2081 1628 2146 nocentibus,
1644 2081 1701 2131 in
1723 2081 1920 2149 quibus

64 2173 286 2233 vagatus
307 2185 422 2218 sum
442 2166 742 2234 praefidenti
762 2167 920 2229 collo,
938 2165 1006 2217 ad
1030 2167 1190 2233 longe
1216 2165 1575 2218 recedendum
1596 2184 1628 2217 a
1647 2173 1717 2228 te,
1735 2183 1920 2217 amans

65 2252 178 2303 vias
203 2270 348 2303 meas
375 2259 428 2304 et
451 2271 561 2303 non
587 2260 724 2315 tuas,
752 2270 937 2303 amans
963 2251 1244 2318 fugitivam
1269 2252 1585 2303 libertatem,

138 2341 188 2388 6.
228 2339 523 2389 Habebant
547 2345 601 2390 et
624 2339 716 2389 illa
741 2337 918 2388 studia
945 2356 1066 2405 quae
1091 2339 1318 2389 honesta
1335 2339 1681 2401 vocabantur,
1699 2336 1918 2389 ductum

66 2441 220 2474 suum
244 2423 538 2474 intuentem
564 2423 678 2474 fora
699 2423 952 2489 litigiosa,
968 2430 1029 2473 ut
1055 2424 1373 2475 excellerem
1398 2423 1455 2473 in
1483 2423 1578 2486 eis,
1604 2425 1709 2475 hoc
1735 2422 1918 2475 lauda-

65 2509 239 2572 bilior,
284 2526 390 2576 quo
435 2508 833 2560 fraudulentior.
925 2510 1102 2560 Tanta
1146 2517 1228 2560 est
1271 2510 1487 2561 caecitas
1530 2509 1809 2560 hominum
1853 2509 1919 2560 de

67 2593 306 2643 caecitate
343 2593 503 2643 etiam
544 2593 899 2659 gloriantium.
976 2595 1051 2644 Et
1091 2593 1260 2662 major
1292 2593 1407 2661 jam
1453 2612 1596 2645 eram
1636 2595 1693 2644 in
1735 2595 1922 2645 schola

65 2677 313 2739 rhetoris;
349 2684 401 2728 et
426 2677 723 2743 gaudebam
749 2679 992 2746 superbe,
1010 2686 1062 2729 et
1086 2680 1356 2729 tumebam
1381 2679 1577 2747 typho3
1614 2698 1921 2749 quanquam

67 2763 224 2826 longe
264 2761 509 2826 sedatior,
538 2762 788 2826 Domine,
813 2770 873 2814 tu
911 2763 1034 2825 sciS,
1062 2770 1115 2814 et
1150 2770 1384 2814 remotus
1422 2764 1640 2815 omnino
1675 2767 1742 2816 ab
1778 2783 1921 2816 ever-

67 2846 307 2897 sionibus
341 2865 475 2915 quas
510 2846 778 2899 faciebant
796 2849 1084 2899 Eversores
1114 2847 1233 2910 (hoc
1263 2849 1405 2899 enim
1430 2867 1625 2900 nomen
1653 2863 1920 2902 scaevum*

67 2939 120 2981 et
145 2930 487 2993 diabolicum,
503 2932 648 2983 velut
665 2932 875 2999 insigne
895 2933 1212 2984 urbanitatis
1232 2936 1351 3000 est),
1367 2934 1503 2985 inter
1523 2953 1658 3003 quos
1677 2936 1922 2987 vivebam

67 3015 269 3083 pudore
302 3015 619 3084 impudenti,
648 3017 776 3085 quia
807 3018 930 3069 talis
966 3036 1074 3068 non
1112 3036 1283 3069 eram:
1325 3026 1379 3070 et
1413 3037 1535 3070 cum
1570 3019 1647 3070 eis
1683 3038 1843 3083 eram,
1871 3029 1924 3071 et

69 3100 315 3151 amicitiis
340 3118 522 3152 eorum
548 3100 852 3154 delectabar
878 3102 1186 3171 aliquando,
1214 3122 1246 3154 a
1273 3121 1496 3172 quorum
1532 3122 1740 3174 semper
1765 3105 1922 3157 factis

71 3184 435 3249 abhorrebam,
461 3187 565 3239 hoc
594 3194 674 3238 est
700 3188 766 3238 ab
793 3188 1175 3250 eversionibus,
1198 3189 1394 3257 quibus
1421 3197 1665 3257 proterve
1691 3191 1921 3242 insecta-

70 3268 263 3318 bantur
296 3270 598 3336 ignotorum
635 3272 1028 3338 verecimdiam,
1056 3292 1216 3342 quarn
1253 3276 1622 3341 perturbarent
1660 3276 1822 3342 gratis
1861 3275 1924 3325 il·

71 3351 304 3403 ludendo
333 3361 491 3423 atque
522 3356 647 3407 inde
678 3357 951 3426 pascendo
981 3360 1270 3410 malevolas
1302 3359 1518 3410 laetitias
1554 3378 1692 3411 suas.
1771 3360 1924 3410 Nihil

70 3443 152 3488 est
174 3437 267 3487 illo
287 3445 411 3490 actu
429 3440 653 3492 similius
671 3443 881 3494 actibus
901 3442 1286 3495 daemoniorum
1298 3443 1334 3494 ὓ.
1387 3444 1531 3503 Quid
1550 3445 1732 3513 itaque
1753 3445 1927 3496 verius

126 3560 147 3589 b
163 3560 283 3621 ‘Quid
302 3561 404 3621 enim
429 3569 485 3622 est
506 3564 783 3610 detestabilius,
803 3573 842 3605 et
866 3567 971 3619 quod
1024 3567 1176 3607 laetari‘e
1224 3567 1332 3620 Aug.
1366 3568 1416 3607 de
1446 3567 1649 3607 Catechiz.
1679 3569 1768 3608 rud.
1794 3582 1832 3609 c.
1864 3570 1929 3609 ll.

70 3626 192 3675 magis
213 3615 442 3676 mesa-umet
455 3628 556 3676 ’iram
584 3617 625 3656 in
649 3619 710 3659 die
736 3619 819 3666 irae,
846 3628 886 3659 et
912 3634 971 3659 re·
1031 3622 1079 3659 Et
1099 3621 1172 3660 hoc
1193 3620 1285 3660 fecit
1303 3634 1372 3674 per
1389 3621 1522 3660 infima
1541 3622 1765 3670 ministeria,
1785 3623 1929 3676 quibus

70 3668 270 3708 velationis
310 3669 407 3722 Justi
447 3669 587 3722 judicii
626 3671 716 3716 Dei.
762 3686 881 3726 quam
922 3675 971 3714 de
1026 3674 1064 3713 id
1093 3687 1206 3727 agere
1233 3675 1443 3728 voluptatis
1468 3683 1539 3718 est,
1568 3689 1667 3729 quos
1693 3677 1929 3717 extermina-

71 3721 176 3762 malo
205 3722 364 3764 alterius
399 3723 508 3764 mala
542 3723 688 3765 diaboli
721 3726 972 3768 similitudine
1026 3735 1126 3768 tores
1141 3736 1181 3769 et
1198 3729 1358 3782 angelos
1381 3728 1612 3778 iracundiae,
1628 3730 1769 3771 divinae
1796 3731 1928 3785 Scrip-
