2378 4134
325 240 345 268 e
582 203 1187 259 CONFESSIONUM
1225 201 1466 254 LIBER
1501 201 1602 253 VI.
1947 205 2018 252 99

169 338 386 391 amicos.
459 336 507 388 A
534 351 761 405 quorum
785 352 887 403 ego
914 333 1132 404 quidem
1169 331 1467 401 granditate
1505 330 1672 383 animi
1706 331 1867 399 longe
1891 332 2015 383 abe·

169 440 307 476 ram:
364 427 419 474 et
453 417 752 488 deligatus*
781 421 972 472 morbo
1009 418 1184 473 carnis
1219 416 1490 470 mortifera
1525 415 1805 481 suavitate,
1843 417 2016 469 trahe-

169 509 292 560 bam
330 512 573 559 catenam
603 522 796 569 meam,
821 505 957 558 solvi
980 505 1191 568 fimena,
1215 508 1271 556 et
1307 501 1463 572 quasi
1500 517 1766 554 concusso
1802 503 2019 554 vulnere

166 591 430 662 repellens
466 591 628 643 verba
671 590 810 642 bene
848 588 1139 654 suadentiS,
1177 594 1434 658 tanquam
1477 604 1697 639 manum
1745 587 2017 639 solventis.
2090 653 2095 658 .

167 678 394 744 Insuper
416 677 577 728 etiam
609 693 706 744 per
727 693 813 728 me
837 675 945 744 ipsi
971 692 1187 746 quoque
1210 673 1411 742 Alypio
1433 673 1757 742 loquebatur
1780 689 2019 742 serpens,

167 769 222 815 et
267 763 576 815 innectebat
624 768 787 832 atque
838 765 1128 832 spargebat
1173 780 1268 832 per
1314 761 1557 828 linguam
1606 778 1781 812 meam
1830 758 2018 812 dulces

166 849 389 917 laqueos
434 847 491 899 in
535 847 624 900 via
664 846 799 918 ejuS‚
843 849 1042 918 quibus
1083 847 1165 900 illi
1204 846 1421 899 honesti
1463 852 1519 898 et
1560 844 1802 915 expediti
1849 843 2017 914 pedes

164 932 578 1002 implicarentur.

236 1021 321 1068 22.
361 1017 500 1069 Cum
515 1018 658 1069 enim
675 1035 760 1069 me
775 1018 866 1069 ille
880 1017 1173 1082 miraretur,
1193 1035 1354 1086 quem
1368 1034 1478 1068 non
1495 1015 1923 1085 parvipenderet,
1941 1015 2016 1068 ita

164 1101 359 1153 haerere
387 1102 536 1153 visco
568 1102 715 1153 illius
746 1102 1055 1170 voluptatis»,
1081 1108 1143 1154 ut
1171 1119 1258 1154 me
1291 1103 1624 1166 affirmarem,
1652 1101 2011 1171 quotiescum-

163 1203 268 1255 que
304 1185 429 1238 inde
465 1187 603 1238 inter
639 1204 740 1239 nos
777 1204 1150 1256 quaereremuS,
1185 1186 1429 1239 caelibem
1461 1186 1627 1238 vitam
1662 1187 1814 1237 nullo
1852 1186 2012 1238 modo

163 1288 319 1339 posse
345 1270 535 1338 degere
557 1291 571 1335 ;
611 1278 771 1340 atque
795 1271 870 1324 ita
898 1290 983 1323 me
1018 1270 1372 1335 defenderem,
1399 1289 1522 1323 cum
1550 1271 1703 1323 illum
1732 1271 2013 1325 mirantem

163 1354 412 1420 viderem,
439 1362 500 1407 ut
537 1356 768 1408 dicerem
805 1357 1033 1408 multum
1070 1356 1327 1408 interesse
1365 1356 1504 1408 inter
1539 1356 1675 1408 illud
1713 1357 1860 1426 quod
1896 1358 2014 1427 ipse

162 1441 354 1509 raptim
380 1448 433 1493 et
455 1440 637 1492 furtim
663 1448 916 1510 expertus
943 1448 1099 1506 esset,
1121 1441 1269 1510 quod
1291 1458 1431 1510 pene
1448 1440 1566 1510 jam
1591 1459 1660 1493 ne
1684 1442 2017 1495 meminisset

164 1525 396 1595 quidem,
423 1533 583 1595 atque
620 1525 743 1579 ideo
779 1527 928 1578 nulla
964 1527 1211 1579 molestia
1241 1527 1398 1579 facile
1437 1532 1819 1590 contemneret,
1845 1534 1898 1580 et
1922 1527 2011 1580 de-

159 1611 471 1662 lectationes
505 1611 908 1663 consuetudinis
940 1629 1092 1678 meae,
1120 1611 1188 1664 ad
1214 1630 1349 1681 quas
1385 1612 1429 1663 si
1469 1611 1786 1663 accessisset
1815 1613 2012 1665 hones-

160 1702 271 1747 tum
308 1714 504 1748 nomen
546 1697 887 1761 matrimonii,
926 1715 1038 1749 non
1080 1716 1203 1750 eum
1245 1698 1426 1749 mirari
1470 1704 1729 1766 oportere,
1775 1717 1869 1750 cur
1911 1717 2012 1767 ego

159 1782 304 1832 illam
322 1782 485 1834 vitam
503 1783 781 1851 nequirem
801 1802 1069 1852 spernere:
1111 1792 1349 1853 coeperat
1367 1791 1419 1836 et
1433 1785 1551 1853 ipse
1568 1785 1868 1838 desiderare
1885 1805 2012 1839 con-

152 1865 385 1934 jugium,
411 1885 754 1936 nequaquam
779 1869 954 1920 victus
983 1869 1209 1921 libidine
1234 1871 1356 1922 talis
1381 1871 1692 1939 voluptatiS,
1720 1871 1815 1924 sed
1842 1873 2012 1924 curio-

160 1952 350 2004 sitatis.
426 1953 659 2005 Dicebat
696 1955 838 2006 enim
884 1956 1018 2007 scire
1057 1974 1113 2007 se
1152 1974 1345 2024 cupere
1385 1955 1644 2025 quidnam
1683 1965 1824 2009 esset
1859 1958 2013 2022 illud,

160 2036 275 2088 sine
311 2055 420 2106 quo
459 2038 570 2089 vita
605 2056 726 2091 mea
761 2058 883 2108 quae
922 2040 1002 2091 illi
1040 2040 1117 2092 sic
1156 2042 1422 2109 placebat,
1448 2059 1558 2092 non
1597 2042 1732 2093 mihi
1765 2043 1890 2106 vita,
1918 2043 2013 2096 sed

159 2140 320 2191 poena
343 2122 619 2175 videretur.
698 2125 961 2194 Stupebat
984 2127 1127 2178 enim
1150 2127 1286 2178 liber
1322 2129 1389 2178 ab
1423 2127 1517 2178 illo
1548 2128 1766 2179 vinculo
1801 2130 2013 2181 animus

157 2207 460 2259 servitutem
485 2227 675 2274 meam,
702 2216 755 2261 et
780 2211 1046 2279 stupendo
1083 2212 1198 2264 ibat
1233 2213 1289 2262 in
1328 2213 1642 2281 experiendi
1681 2214 2011 2284 cupidinem,

158 2298 408 2344 venturus
433 2294 489 2344 in
514 2295 685 2363 ipsam
719 2297 1122 2364 experientiam,
1150 2306 1309 2367 atque
1340 2298 1467 2350 inde
1504 2299 1727 2352 fortasse
1762 2301 2010 2369 lapsurus

157 2377 213 2427 in
239 2395 355 2428 eam
381 2396 540 2446 quam
566 2381 816 2448 stupebat
842 2382 1178 2446 servitutem3
1218 2383 1474 2452 quoniam
1507 2387 1839 2450 sponsionem
1866 2389 2010 2438 vole—

157 2462 252 2512 bat
276 2463 471 2527 facere
507 2481 630 2514 cum
666 2472 837 2517 morte
855 2487 873 2522 ;
929 2473 982 2518 et
1018 2469 1114 2535 qui
1151 2475 1304 2519 amat
1341 2470 1674 2534 periculum,
1713 2472 1913 2522 incidit
1949 2474 2010 2522 in

158 2546 312 2597 illud.
388 2548 650 2598 Neutrum
687 2550 828 2600 enim
866 2558 1123 2617 nostrum,
1152 2553 1197 2603 si
1237 2553 1383 2621 quod
1417 2564 1497 2606 est
1534 2555 1816 2623 conjugale
1843 2557 2010 2609 decus

159 2630 214 2680 in
254 2630 431 2682 officio
474 2631 693 2698 regendi
739 2634 1062 2687 matrimonii
1100 2642 1154 2687 et
1191 2637 1655 2706 suscipiendorum
1702 2642 2008 2706 liberorum,

157 2714 402 2780 ducebat,
437 2718 542 2769 nisi
574 2720 814 2772 tenuiter.
891 2723 1097 2790 Magna
1135 2733 1312 2776 autem
1350 2743 1420 2777 ex
1458 2733 1609 2796 parte
1648 2735 1809 2797 atque
1847 2731 2006 2781 vehe-

156 2807 356 2851 menter
393 2804 726 2855 consuetudo
765 2805 1020 2858 satiandae
1064 2807 1387 2861 insatiabilis
1426 2814 1881 2881 concupiscentiae
1921 2833 2006 2865 me

155 2892 372 2952 captum
406 2888 780 2942 excruciabat:
826 2891 977 2943 illum
1013 2900 1189 2945 autem
1223 2894 1503 2948 admiratio
1544 2899 1869 2966 capiendum
1902 2906 2004 2952 tra-

155 2968 331 3021 hebat.
436 2973 526 3024 Sic
586 2991 811 3039 eramuS,
861 2975 1031 3030 donec
1093 2986 1168 3042 tu,
1230 2980 1522 3046 Altissime,
1582 3002 1692 3035 non
1754 2984 2004 3037 deserens

156 3053 375 3107 humum
412 3064 662 3122 nostram,
696 3060 973 3115 miseratus
1012 3064 1252 3128 miserOS,
1282 3068 1593 3119 subvenires
1632 3070 1781 3120 miris
1823 3079 1875 3121 et
1914 3089 2001 3122 oc-

159 3138 317 3189 cultis
341 3141 527 3194 modis.

231 3225 316 3272 23.
355 3223 429 3275 Et
450 3225 744 3280 instabatur
767 3231 994 3299 impigre
1019 3240 1079 3285 ut
1104 3234 1352 3286 ducerem
1378 3254 1618 3288 uxorem.
1694 3240 1729 3290 J
1733 3257 1816 3290 am
1851 3247 1999 3307 pete·
2044 3258 2171 3300 XIII.

158 3305 299 3367 bam,
329 3307 440 3376 jam
485 3313 904 3382 promittebatur,
942 3319 1176 3370 maxime
1213 3328 1379 3371 matre
1419 3321 1578 3373 dante
1618 3341 1851 3391 operam,
1893 3344 2000 3393 quo

158 3407 242 3440 me
271 3389 384 3458 jam
419 3394 758 3464 conjugatum
789 3401 1101 3469 Baptismus
1136 3405 1381 3456 salutaris
1418 3406 1672 3469 ablueret,
1700 3425 1808 3476 quo
1833 3427 1918 3459 me
1943 3409 2000 3460 in

2020 3312 2136 3375 Uxor.

2018 3375 2203 3418 quaeritur

2018 3421 2175 3475 Augus-

159 3473 273 3526 dies
306 3477 570 3541 gaudebat
598 3485 783 3550 aptari,
809 3493 862 3536 et
888 3493 1009 3537 vota
1035 3505 1131 3538 sua
1169 3506 1231 3539 ac
1262 3490 1524 3555 promissa
1549 3498 1642 3542 tua
1666 3491 1722 3542 in
1748 3510 1868 3544 mea
1891 3494 1999 3546 fide
2018 3482 2112 3517 ‘¹¹¹⁰‘

157 3561 410 3627 compleri
446 3563 908 3621 animadvertebat.
987 3572 1125 3622 Cum
1163 3590 1289 3623 sane
1328 3580 1382 3623 et
1416 3582 1606 3640 rogatu
1636 3595 1754 3628 meo
1781 3585 1835 3630 et
1860 3579 1998 3632 desi-

157 3642 302 3695 derio
339 3664 452 3710 suc,
479 3647 597 3701 forti
634 3651 860 3706 clamore
901 3655 1074 3707 cordis
1107 3657 1204 3708 abs
1240 3664 1291 3708 te
1330 3657 1702 3726 deprecaretur
1737 3665 1995 3733 quotidie,

1028 3755 1068 3790 H
1088 3745 1119 3791 2
