2378 4134
537 245 1141 302 CONFESSIONUM
1179 245 1419 299 LIBER
1455 246 1551 299 IV.
1904 251 1979 299 51

117 381 222 432 hoc
244 380 494 448 petebam
516 378 797 448 lacrymis3
837 377 934 430 sed
948 384 1156 431 tantum
1181 376 1430 429 dolebam
1456 382 1511 429 et
1533 378 1746 429 flebam.
1803 377 1975 430 Miser

117 464 261 517 enim
303 481 462 527 eram,
499 470 553 515 et
593 463 874 516 amiseram
914 460 1170 531 gaudium
1205 479 1399 513 meum.
1474 463 1562 514 An
1600 469 1655 514 et
1690 463 1851 515 fletus
1887 480 1973 515 res

117 566 295 604 amara
310 554 408 614 est,
427 555 481 600 et
494 566 605 618 prae
622 547 839 601 fastidio
855 566 1030 601 rerum
1045 547 1245 617 quibus
1262 547 1412 616 prius
1426 547 1750 613 fruebamur,
1765 554 1820 600 et
1844 554 1972 601 tunc

116 633 244 686 dum
269 635 338 686 ab
364 634 443 686 eis
469 634 832 698 abhorremuS,
858 632 1124 686 delectat?

191 724 272 772 11.
312 719 458 780 Quid
491 727 668 773 autem
699 720 804 772 ista
841 719 1070 790 loquor?
1112 721 1240 772 Non
1275 721 1417 772 enim
1451 727 1666 788 tempus
1699 717 1973 788 quaerendi
2043 722 2081 761 V
2087 722 2122 761 Ι-

113 825 258 860 nunc
281 813 380 871 est,
405 806 502 859 sed
527 807 821 860 confitendi
846 808 963 860 tibi.
1040 808 1212 860 Miser
1241 825 1401 871 eram,
1428 813 1483 860 et
1506 807 1668 858 miser
1691 812 1775 858 est
1799 804 1973 857 omnis
1989 778 2176 870 3⁰23&

113 893 322 946 animus
356 891 568 945 vinctus
602 893 842 946 amicitia
875 911 1049 946 rerum
1084 893 1419 957 mortalium3
1459 899 1514 945 et
1537 892 1825 944 dilaniatur
1849 909 1973 945 cum
1989 893 2112 979 3¹52?

112 995 204 1030 eas
229 976 441 1041 amittit,
468 984 521 1029 et
544 984 672 1031 tunc
700 978 863 1030 sentit
887 979 1153 1031 miseriam
1181 995 1290 1048 qua
1313 979 1473 1031 miser
1498 984 1580 1030 est
1604 984 1658 1030 et
1682 983 1973 1047 antequam
2100 971 2111 980 ’

113 1061 321 1115 amittat
346 1080 452 1115 eas.
518 1063 611 1115 Sic
639 1081 740 1129 ego
766 1081 909 1115 eram
934 1064 1030 1116 illo
1056 1071 1312 1133 tempore,
1333 1070 1387 1116 et
1403 1065 1598 1116 flebam
1625 1063 1971 1128 amarissime,

112 1157 166 1202 et
186 1149 590 1218 requiescebam
613 1149 670 1200 in
696 1149 1063 1203 amaritudine.
1141 1151 1227 1202 Ita
1254 1150 1416 1201 miser
1439 1167 1601 1213 eram,
1628 1155 1682 1201 et
1703 1149 1972 1201 habebam

110 1235 403 1288 chariorem
427 1235 522 1286 illo
549 1235 721 1287 amico
740 1254 859 1287 meo
885 1235 1050 1288 vitam
1074 1236 1247 1304 ipsam
1268 1231 1559 1287 miseram⁸.
1614 1235 1758 1286 Nam
1784 1252 1969 1303 quam-

110 1321 193 1372 vis
230 1339 347 1373 eam
384 1327 588 1372 mutare
629 1322 836 1384 vellem,
870 1322 1069 1372 nollem
1102 1328 1282 1373 tamen
1318 1320 1557 1372 amittere
1593 1320 1766 1386 magis
1806 1337 1969 1388 quam

109 1406 278 1458 illum.
352 1407 427 1458 Et
453 1406 637 1458 nescio
680 1424 748 1458 an
792 1407 983 1459 vellem
1015 1407 1100 1457 vel
1137 1424 1234 1474 pro
1268 1406 1381 1468 illo,
1416 1405 1558 1457 sicut
1590 1405 1656 1457 de
1691 1405 1879 1456 Oreste
1917 1413 1971 1457 et

111 1490 315 1559 Pylade
343 1490 584 1554 traditur,
618 1491 663 1542 si
703 1509 814 1542 11011
847 1491 1084 1557 fingitur,
1125 1491 1219 1560 qui
1252 1491 1451 1542 vellent
1483 1508 1580 1559 pro
1614 1490 1845 1543 invicem
1884 1491 1969 1542 vel

110 1575 270 1626 simul
305 1576 455 1640 mori,
491 1576 618 1645 quia
655 1583 823 1628 morte
855 1574 1012 1645 pejus
1044 1576 1121 1627 eis
1156 1583 1270 1627 erat
1292 1593 1403 1626 non
1430 1575 1589 1626 simul
1614 1575 1805 1627 vivere.
1861 1576 1970 1628 Sed

109 1660 167 1711 in
191 1677 277 1711 me
294 1660 477 1712 nescio
505 1660 626 1729 quis
654 1662 878 1713 affectus
902 1661 1063 1712 nimis
1086 1661 1216 1713 huic
1244 1661 1539 1712 contrarius
1566 1669 1711 1713 ortus
1737 1668 1878 1723 erat3
1918 1669 1973 1714 et

108 1743 330 1797 taedium
352 1745 567 1797 vivendi
594 1754 704 1798 erat
735 1747 793 1796 in
826 1765 912 1798 me
950 1745 1340 1812 gravissimum,
1380 1753 1432 1797 et
1471 1746 1736 1797 moriendi
1779 1754 1968 1799 metus.

111 1829 287 1882 Credo
314 1848 421 1899 quo
446 1830 619 1896 magis
645 1831 795 1882 illum
823 1832 1086 1894 amabam,
1113 1849 1177 1882 eo
1213 1831 1387 1898 magis
1418 1839 1660 1895 mortem,
1690 1849 1811 1901 quae
1837 1833 1972 1884 mihi

109 1934 234 1967 eum
274 1918 582 1982 abstulerat,
614 1925 870 1987 tanquam
912 1917 1299 1970 atrocissimam
1338 1918 1630 1982 inimicam,
1668 1918 1884 1970 oderam
1917 1927 1970 1971 et

107 2000 388 2064 timeba1n3
429 2009 483 2053 et
507 2021 623 2054 eam
648 2011 866 2072 repente
893 2010 1329 2072 consumpturam
1346 2021 1531 2055 omnes
1545 2004 1793 2056 homines
1812 2012 1967 2072 puta-

108 2087 252 2149 bam,
272 2086 400 2155 quia
415 2087 568 2139 illum
592 2089 783 2156 potuit.
838 2089 929 2141 Sic
956 2106 1099 2140 eram
1127 2089 1364 2151 omnino,
1389 2088 1624 2140 memini.
1700 2090 1850 2142 Ecce
1878 2108 1969 2142 cor

108 2188 304 2234 meum,
342 2172 494 2223 Deus
526 2190 706 2225 meus:
749 2191 874 2226 ecce
910 2173 1057 2224 intus
1092 2172 1214 2224 vide
1251 2174 1380 2242 quia
1413 2174 1652 2236 memini,
1681 2192 1805 2242 spes
1830 2193 1968 2238 mea,

110 2255 203 2323 qui
248 2274 332 2307 me
376 2257 602 2310 mundas
651 2277 683 2309 a
719 2258 907 2310 talium
946 2258 1289 2310 affectionum
1329 2258 1685 2321 immunditia,
1732 2260 1970 2327 dirigens

107 2341 283 2391 oculos
306 2357 444 2392 meos
469 2342 545 2392 ad
570 2349 638 2405 te,
664 2349 719 2394 et
740 2344 964 2394 evellens
1000 2343 1066 2394 de
1100 2344 1290 2411 laqueo
1321 2344 1485 2410 pedes
1508 2362 1664 2396 meos,
1730 2345 1972 2397 Mirabar
1989 2357 2055 2394 Ps.
2075 2357 2140 2400 24.

109 2423 251 2475 enim
278 2432 496 2477 caeteros
521 2428 771 2479 mortales
797 2427 991 2491 vivere,
1020 2428 1148 2496 quia
1173 2428 1282 2491 ille,
1308 2446 1470 2497 quem
1497 2430 1652 2498 quasi
1678 2447 1786 2480 non
1811 2430 1969 2481 mori·
1992 2412 2052 2450 ¹5·

108 2515 286 2559 turum
322 2508 632 2574 dilexeram,
658 2518 898 2563 mortuus
933 2519 1078 2574 erat3
1127 2519 1180 2563 et
1214 2531 1299 2564 me
1334 2514 1525 2580 magiS,
1564 2515 1692 2583 quia
1725 2515 1805 2565 illi
1841 2516 1971 2566 alter

110 2610 272 2656 eram,
316 2594 488 2646 vivere
539 2596 631 2646 illo
682 2603 890 2647 mortuo
939 2597 1181 2648 mirabar.
1261 2598 1412 2649 Bene
1460 2598 1678 2667 quidam
1722 2599 1864 2650 dixit
1904 2599 1970 2651 de

111 2677 286 2729 amico
318 2696 443 2730 suo:
485 2681 518 2706 ‘⁶
546 2680 846 2732 Dimidium
879 2680 1070 2733 animae
1101 2682 1303 2733 meae¹.’'
1376 2683 1518 2735 Nam
1550 2701 1651 2750 ego
1687 2684 1968 2736 5611816111-

110 2780 252 2814 mam
282 2780 454 2815 meam
489 2771 542 2815 et
574 2765 805 2818 animam
838 2765 983 2818 illius
1021 2783 1184 2818 unam
1218 2766 1383 2818 fuisse
1416 2768 1648 2820 animam
1674 2770 1731 2819 in
1758 2768 1970 2820 duobus

108 2847 496 2915 corporibusm:
557 2858 611 2901 et
651 2849 774 2902 ideo
814 2851 946 2902 mihi
987 2851 1188 2902 horrori
1230 2860 1341 2903 erat
1381 2853 1507 2915 vita,
1549 2853 1677 2922 quia
1718 2854 1966 2905 nolebam

108 2930 364 2984 dimidius
402 2935 611 2998 viverc3
652 2943 705 2987 et
741 2935 861 2987 ideo
899 2935 1033 2987 forte
1070 2936 1203 2988 mori
1242 2938 1563 2999 metuebam,
1588 2956 1656 2989 ne
1696 2945 1840 2990 totus
1878 2939 1967 2990 ille

108 3026 395 3070 moreretur
420 3039 579 3089 quem
606 3022 831 3072 multum
858 3026 1206 3073 amaveramn.

158 3129 192 3191 ‘k
221 3131 262 3170 Si
296 3134 385 3185 quis
417 3134 574 3183 dixerit,
615 3137 708 3176 Nou
745 3150 844 3183 esse,
886 3149 1005 3189 quam
1115 3142 1137 3163 ‘¹
1172 3137 1350 3177 Retract.
1388 3138 1456 3177 lib.
1491 3139 1531 3177 ii.
1565 3129 1612 3178 cs
1642 3140 1680 3178 6.
1742 3140 1788 3177 In
1826 3148 1966 3191 quarto

115 3194 299 3246 miserum
318 3200 382 3227 me
411 3201 495 3229 esse
523 3191 711 3231 mallem:
744 3192 1009 3245 respondebo,
1063 3190 1176 3236 libro,
1211 3205 1299 3231 cum
1340 3192 1389 3231 de
1424 3192 1540 3232 amici
1572 3201 1695 3232 morte
1728 3193 1850 3232 animi
1890 3194 1967 3234 mei

115 3236 312 3300 Mentiris.
377 3242 484 3282 Nam
513 3250 554 3283 et
584 3257 688 3284 nunc
714 3245 831 3285 miser
859 3258 915 3292 es,
936 3258 1009 3285 nec
1064 3245 1262 3284 miseriam
1292 3246 1512 3292 confiterer,
1534 3246 1669 3285 (licens
1688 3246 1798 3299 quod
1830 3247 1965 3286 anima

113 3290 166 3328 ob
198 3291 306 3353 ahud
335 3295 430 3335 mori
459 3309 536 3337 non
563 3298 634 3344 vis.
657 3298 731 3338 nisi
763 3306 806 3338 ut
838 3299 914 3339 sis:
955 3299 1009 3338 ita
1065 3306 1198 3338 nostra
1219 3313 1299 3339 una
1321 3300 1613 3353 quodammodo
1634 3301 1742 3340 facta
1772 3300 1896 3340 fuerat
1918 3315 1966 3341 ex

111 3356 204 3383 cum
225 3358 354 3406 miser
386 3349 484 3388 nolis
511 3364 610 3396 esse,
642 3366 729 3393 esse
763 3354 822 3392 vis
858 3362 1002 3393 tamen.
1063 3353 1232 3398 duabus,
1251 3359 1280 3376 ‘⁸
1300 3355 1351 3394 Et
1369 3353 1735 3406 ideo,”inquam,‘⁴
1753 3353 1850 3394 forte
1868 3356 1966 3394 mori

115 3397 204 3449 Age
224 3406 340 3461 igitur
359 3403 502 3462 gratias
516 3417 563 3444 ex
594 3418 640 3446 eo
667 3406 773 3460 quod
794 3421 838 3447 es
855 3407 1007 3453 volens,
1063 3409 1305 3451 metuebam,
1328 3421 1376 3448 ne
1395 3414 1500 3446 totus
1519 3408 1585 3447 ille
1604 3415 1828 3455 moreretur,
1847 3422 1965 3460 quem

113 3452 297 3514 tit-quod
329 3462 475 3496 invitus
511 3471 553 3497 es
589 3459 799 3500 auferatur.
860 3461 1010 3500 Volens
1063 3462 1231 3499 multum
1262 3474 1488 3501 amaveram
1504 3462 1542 3500 ι’·
1573 3468 1633 3513 (c.
1655 3463 1719 3513 6.)
1747 3475 1839 3511 quae
1870 3463 1965 3502 mihi

109 3517 216 3546 enum
237 3520 292 3568 5³5⁹?
309 3514 350 3547 et
367 3508 481 3549 miser
499 3509 643 3552 invitus
658 3527 712 3554 es.
747 3517 850 3568 Aug.
866 3515 918 3555 de
938 3515 1007 3555 lib.
1065 3514 1176 3565 quasi
1196 3514 1433 3554 declamatio
1454 3515 1565 3560 levis,
1581 3527 1702 3568 quam
1723 3515 1853 3567 gravis
1871 3530 1964 3556 con—

120 3559 219 3599 Arb.
240 3573 295 3599 m.
316 3563 350 3612 ς.
376 3563 442 3603 18.
1067 3568 1185 3607 fessio
1205 3568 1384 3619 videtur3
1416 3569 1597 3621 quamvis
1625 3577 1837 3622 utcumque
1862 3578 1964 3610 tem-

167 3611 179 3643 1
212 3614 350 3678 Horat.
371 3617 504 3656 Carm-
525 3618 597 3659 lib.
614 3619 642 3659 i.
662 3621 727 3662 od.
746 3623 786 3662 3.
966 3621 971 3627 “
1066 3628 1203 3675 perata
1231 3622 1279 3660 sit
1301 3622 1383 3662 haec
1402 3622 1549 3676 ineptia
1573 3623 1613 3662 in
1640 3636 1688 3663 eo
1716 3624 1820 3676 quod
1850 3624 1964 3665 addi-

171 3671 204 3694 m
233 3669 315 3717 Qm
333 3671 412 3710 duo
433 3673 671 3724 corporibus,
692 3676 888 3716 mentibus
912 3688 1014 3716 unus
1067 3682 1151 3715 tum
1172 3683 1245 3724 est,
1266 3682 1292 3700 ·‘
1308 3677 1452 3717 sorte.'’

113 3727 243 3763 etant.
288 3723 410 3765 Ovid.
426 3725 543 3766 Trist.
563 3726 591 3766 l.
610 3727 664 3768 iv.
684 3728 796 3782 Eleg.
814 3729 864 3770 iv.
886 3731 950 3770 72.

989 3790 1084 3836 ΕΞ
