2378 4134
902 198 958 255 S.
997 200 1448 259 Aueus'rmr
1489 182 1853 262 Eprsoopi

417 326 627 382 honore
658 332 1074 389 transferrentur
1109 335 1182 390 ad
1215 337 1640 394 Ambrosianam
1669 340 1975 408 basilicam,
1999 359 2115 396 non
2147 336 2347 405 solum}
2376 379 2378 382 -

419 433 563 486 quos
585 416 859 474 immundi
883 423 1164 476 vexabant
1188 423 1432 494 spirituS,
1448 425 1716 482 confessis
1736 427 1944 482 eisdem
1964 428 2342 505 daemonibus}

418 506 798 574 sanabanture,
825 527 1013 563 verum
1051 511 1218 565 etiam
1251 512 1477 584 quidam
1509 516 1696 585 plures
1728 535 1904 570 annos
1939 519 2159 584 caecus‘,
2187 518 2337 584 civim
2359 533 2362 540 ·

418 592 739 666 civitatique
803 596 1142 663 notissimuS,
1203 617 1332 652 cum
1398 602 1591 671 populi
1659 604 2027 657 tumultuante
2093 599 2335 660 laetitia*
2363 663 2365 667 Α

416 701 639 736 causam
699 686 988 755 quaesisset
1047 693 1213 757 atque
1275 687 1537 755 audisset,
1588 691 1851 758 exsilivit,
1904 711 2081 763 eoque
2142 711 2199 745 se
2259 694 2333 748 1ῑῖ

413 769 654 837 duceret,
703 789 862 825 suum
915 773 1113 827 ducem
1161 776 1390 843 rogavit.
1468 778 1593 838 Quo
1641 779 1958 849 perductUS,
2008 781 2319 850 impetravit

206 863 280 905 Ps.
306 864 398 914 115,
413 857 647 924 admitti,
683 866 745 911 ut
785 858 1004 912 sudario
1047 867 1295 930 tangeret
1336 863 1590 916 feretrum
1620 868 1890 932 pretiosae
1931 869 1993 919 in
2030 874 2319 935 conspectu

210 920 276 961 ¹⁵·
412 952 506 998 tuo
531 947 727 998 mortis
748 955 1066 1001 sanctorum
1095 956 1332 1002 tuorum.
1399 951 1564 1012 Quod
1588 952 1686 1005 ubi
1712 952 1858 1019 fecit,
1885 961 2049 1025 atque
2077 954 2319 1009 admovit
2370 995 2376 1008 2

410 1034 605 1100 oquiS,
650 1035 939 1088 confestim
979 1037 1156 1106 aperti
1202 1045 1345 1091 sunt.
1423 1037 1562 1092 Inde
1614 1039 1760 1093 fama
1810 1040 2137 1106 discurrenS,
2182 1042 2311 1097 inde
2368 1019 2378 1107 l

406 1122 601 1175 laudes
642 1129 750 1175 tuae
790 1123 1078 1191 ferventeS,
1115 1122 1418 1190 lucentes*,
1461 1125 1590 1179 inde
1629 1127 1779 1180 illius
1820 1128 2060 1182 inimicae
2099 1130 2314 1184 animus
2374 1137 2378 1198 i]

407 1211 513 1263 etsi
557 1209 629 1264 ad
668 1211 927 1264 credendi
973 1213 1260 1266 sanitatem
1303 1232 1417 1266 non
1454 1215 1764 1285 applicatus
1777 1214 1820 1282 ⁴⁶,
1868 1235 1900 1270 a
1942 1219 2311 1289 persequendi
2376 1211 2378 1251 }

402 1306 590 1353 tamen
612 1299 788 1353 furore
815 1320 1160 1372 compressus
1180 1309 1278 1355 est.
1357 1304 1578 1357 Gratias
1597 1305 1718 1370 tibi,
1742 1306 1894 1358 Deus
1909 1325 2079 1359 meus.
2141 1307 2305 1363 Unde

407 1392 462 1439 et
501 1406 610 1458 quo
650 1387 860 1440 duxisti
895 1389 1327 1443 recordationem
1360 1410 1556 1459 meam,
1583 1400 1644 1445 ut
1676 1393 1797 1446 haec
1836 1393 1999 1446 etiam
2028 1394 2314 1448 confiterer

403 1474 526 1538 tibi,
555 1493 678 1545 quae
704 1494 907 1543 magna
933 1475 1137 1528 oblitus
1162 1477 1564 1546 praeterieram?
1606 1479 1683 1530 Et
1716 1486 1899 1531 tamen
1925 1487 2054 1533 tunc
2083 1499 2208 1533 cum
2234 1481 2312 1535 ita

197 1562 320 1658 gant.
350 1562 664 1632 1‚fragraret
707 1565 837 1616 odor
881 1572 1286 1633 unquentorum
1334 1572 1574 1632 tuorum,
1625 1585 1737 1620 non
1789 1568 2146 1621 currebamus
2184 1576 2312 1636 post

227 1646 239 1659 ’
404 1660 473 1707 te.
563 1653 699 1706 Ideo
732 1655 860 1724 plus
884 1655 1087 1706 flebam
1123 1653 1261 1706 inter
1299 1654 1515 1707 cantica
1546 1655 1874 1725 hymnorum
1918 1664 2152 1723 tuorum,
2180 1658 2311 1710 olim

403 1742 687 1812 suspirans
717 1743 838 1809 tibi,
875 1749 928 1795 et
961 1739 1182 1794 tandem
1214 1741 1489 1811 respirans
1501 1739 1545 1806 *,
1583 1750 1851 1813 quantum
1893 1751 2046 1813 patet
2085 1763 2216 1798 aura
2252 1746 2311 1798 in

403 1829 566 1882 domo
593 1830 766 1883 fenea.

425 197 530 248 156

228 1927 361 1991 VII-I..
482 1922 566 1971 17.
608 1918 719 1980 Qui
745 1917 1167 1986 Icabitarefacz's
1197 1918 1486 1969 unanimes
1511 1919 1572 1969 in
1599 1918 1773 1985 dome,
1795 1918 2126 1971 consociasti
2146 1919 2306 1972 nobis

193 1983 359 2082 ἓξὲξ,
403 2011 458 2059 et
481 2005 760 2058 Evodium
790 2005 1052 2076 juvenem
1090 2022 1163 2056 ex
1200 2011 1386 2056 nostro
1425 2005 1745 2075 municipio,
1825 2006 1935 2067 Qui
1975 2025 2100 2060 cum
2140 2026 2307 2076 agens

192 2097 274 2202 {jo-
403 2094 460 2146 in
484 2094 678 2146 rebus&
710 2092 983 2156 militaret,
1009 2091 1158 2160 prior
1181 2090 1343 2142 nobis
1371 2089 1441 2143 ad
1467 2098 1520 2143 te
1548 2110 1844 2145 conversus
1871 2099 1955 2146 est
1981 2102 2035 2147 et
2057 2095 2306 2164 baptiza-

233 2177 266 2205 s.
286 2164 340 2205 67

193 2219 232 2258 7·
343 2194 356 2214 ’
459 2232 479 2255 ‘-
509 2229 573 2268 Ita
603 2228 753 2268 factum
782 2240 866 2267 esse
896 2226 1005 2266 haud
1026 2226 1227 2277 negabant
1247 2223 1325 2264 Ar·
1382 2225 1555 2265 —Idem
1591 2226 1831 2267 miraculum
1868 2227 1963 2267 citat
1991 2227 2100 2282 Aug.
2132 2227 2183 2268 de
2215 2227 2306 2269 Civ.

401 2284 518 2330 riani,
539 2284 608 2324 sed
626 2284 842 2323 narrabant
863 2290 889 2306 “
914 2281 1176 2322 venerabilem
1199 2281 1326 2320 virum
1385 2280 1482 2326 Dei,
1501 2281 1633 2322 Lxxii.
1660 2295 1695 2322 c.
1719 2285 1758 2322 8.
1780 2284 1814 2335 ᾗ.
1835 2283 1875 2322 2.
1895 2283 1997 2323 inter
2016 2296 2080 2332 ea,
2096 2297 2187 2337 quae
2208 2288 2235 2305 “
2254 2284 2306 2323 ad

401 2339 661 2380 Ambrosium
683 2338 855 2393 pecunia
874 2350 1124 2391 comparasse
1146 2336 1327 2376 homines

401 2395 469 2448 qui
490 2409 530 2435 se
549 2395 681 2435 vexari
696 2397 747 2434 ab
764 2393 980 2434 immundis
995 2391 1200 2446 spiritibus
1215 2405 1326 2432 men-

400 2450 616 2492 tirentur.'’
648 2450 783 2490 Paull.
802 2450 831 2489 l.
853 2463 887 2490 c.
909 2455 943 2501 ς.
972 2450 1038 2489 15.

459 2507 473 2533 f
504 2506 626 2546 Plura
646 2507 696 2546 de
715 2520 762 2546 eo
783 2505 906 2545 habet
926 2505 1116 2545 Ambros.
1135 2503 1164 2542 l.
1180 2515 1215 2542 c.
1238 2503 1327 2555 §.2.

401 2566 430 2585 “
455 2563 567 2602 Dum
590 2561 875 2607 transferimus,
896 2573 1029 2600 caecus
1054 2566 1214 2599 sanctus
1240 2557 1328 2598 est'’

399 2624 440 2657 et
455 2625 604 2672 postea.
629 2619 664 2669 ς.
682 2619 743 2658 17.
763 2616 802 2656 in
823 2630 1002 2656 sermone
1023 2628 1156 2655 coram
1177 2614 1327 2668 populo

398 2672 607 2726 frequente
629 2673 780 2719 habito,
799 2678 825 2695 ‘⁶
844 2673 1007 2725 Negant
1025 2670 1231 2723 [Arriani]
1247 2683 1325 2709 cae-

399 2741 493 2768 cum
524 2728 813 2777 illuminatum,
834 2729 901 2767 sed
931 2727 998 2767 ille
1026 2740 1106 2766 non
1136 2732 1255 2778 negat
1284 2739 1326 2766 se

397 2791 602 2824 sanatum.
632 2784 708 2824 Ille
722 2784 838 2823 dicit:
860 2784 1007 2823 Caecus
1019 2795 1103 2822 esse
1116 2781 1261 2821 desivi:
1285 2788 1326 2821 et

397 2841 543 2893 probat
562 2840 681 2880 facto.
716 2839 789 2879 Isti
812 2838 1050 2878 beneficium
1074 2844 1237 2890 negant.
1253 2836 1323 2891 qui

395 2894 546 2934 factum
567 2908 713 2948 negare
729 2908 807 2934 non
828 2901 1004 2948 possunt.
1053 2894 1187 2933 Notus
1202 2894 1321 2931 homo

396 2957 470 2996 est,
490 2950 660 3003 publicis
679 2963 769 2989 cum
794 2949 944 2989 valeret
967 2948 1222 3000 mancipatus
1248 2949 1319 2986 ob-

395 3005 556 3059 sequiis,
569 3005 737 3045 Severus
753 3004 926 3050 nomine,
943 3003 1074 3043 lanius
1089 3002 1317 3042 ministerio.

396 3060 650 3115 Deposuerat
676 3060 866 3107 officium,
888 3066 1096 3112 postquam
1128 3058 1321 3097 inciderat

395 3115 743 3170 impedimentum.
805 3116 934 3154 Vocat
965 3114 1016 3153 ad
1051 3112 1318 3153 testimonium

394 3169 576 3212 homines
596 3185 763 3226 quorum
784 3178 876 3210 ante
894 3170 1192 3209 sustentabatur
1206 3169 1319 3208 obse-

395 3227 498 3280 quiis
514 3243 522 3267 :
547 3241 614 3267 eos
628 3226 778 3267 indices
794 3239 876 3265 suae
891 3223 1122 3265 visitationis
1141 3223 1319 3269 arcessit,

393 3294 495 3335 quos
515 3282 692 3323 habebat
713 3289 828 3322 testes
853 3288 893 3321 et
922 3280 1088 3320 arbitros
1115 3279 1317 3318 caecitatis.

395 3338 559 3378 Clamat
597 3337 692 3391 quia
732 3345 777 3377 ut
826 3336 992 3390 contigit
1029 3334 1228 3375 fimbriam
1266 3335 1317 3374 de

390 3402 502 3434 veste
521 3401 759 3447 martyrum,
779 3405 860 3447 qua
880 3405 1002 3432 sacrae
1033 3389 1209 3444 reliquiae
1232 3403 1318 3430 ves-

389 3448 559 3498 tiuntur,
575 3449 776 3489 redditum
796 3447 869 3489 sibi
885 3447 1021 3487 lumen
1042 3445 1104 3486 sit.
1164 3446 1312 3485 Nonne
1368 3451 1463 3490 tem,
1483 3444 1715 3498 reliquimus
1740 3444 2021 3486 servientem.''

1381 2336 1599 2377 multorum
1635 2338 1812 2378 notitiam
1843 2345 2053 2392 potuerunt
2084 2339 2305 2394 pervenire,

1383 2392 1477 2443 quia
1498 2400 1537 2431 et
1556 2394 1717 2446 grandis
1738 2401 1795 2433 est
1813 2394 1951 2433 civitas
1970 2402 2009 2433 et
2028 2393 2084 2433 ibi
2105 2402 2189 2434 erat
2209 2402 2304 2434 tunc

1385 2447 1625 2501 Imperator,
1654 2458 1694 2489 et
1725 2452 1898 2488 immenso
1931 2450 2081 2504 populo
2114 2456 2212 2490 teste
2245 2462 2304 2491 res

1382 2511 1494 2556 gesta
1511 2512 1585 2554 est,
1608 2514 1870 2545 concurrente
1892 2506 1942 2544 ad
1963 2518 2128 2559 corpora
2146 2506 2303 2559 Marty-

1384 2572 1471 2598 rum
1507 2559 1673 2600 Protasii
1703 2567 1743 2600 et
1770 2559 2014 2608 Gervasii;’‘
2050 2561 2133 2615 ipse
2167 2573 2299 2614 porro,

1384 2622 1429 2654 ut
1447 2614 1518 2663 ait,
1538 2616 1645 2656 testis
1663 2615 1846 2655 oculatus
1863 2632 1874 2663 ;
1899 2617 2158 2666 (Serm.286.
2175 2617 2208 2667 ᾗ.
2232 2614 2298 2668 4.)

1384 2676 1411 2692 ‘⁴
1428 2670 1491 2724 cuj
1500 2685 1544 2711 us
1557 2678 1652 2711 tunc
1665 2679 1784 2711 tantae
1794 2670 1929 2724 gloriae
1946 2672 2169 2725 Martyrum
2182 2671 2302 2711 etiam

1382 2739 1456 2779 ego
1475 2726 1581 2767 testis
1600 2726 1671 2766 fui.
1712 2727 1778 2766 Ibi
1798 2740 1923 2774 eram,
1937 2726 2159 2766 Mediolani
2176 2739 2298 2775 eram,

1382 2780 1490 2821 facta
1517 2782 1712 2822 miracula
1731 2781 1838 2827 novi,
1861 2783 2079 2822 adtestante
2102 2783 2192 2821 Deo
2211 2795 2298 2836 pre·

1378 2836 1485 2876 tiosis
1522 2838 1715 2877 mortibus
1743 2845 1970 2877 sanctorum
2010 2850 2203 2876 suorum:
2257 2843 2300 2876 ut

1378 2906 1449 2945 per
1488 2890 1559 2931 illa
1588 2893 1781 2932 miracula
1808 2891 1896 2945 jam
1935 2905 2014 2931 non
2052 2892 2179 2931 solum
2220 2892 2298 2932 ‘in

1377 2955 1592 3000 conspectu
1608 2947 1805 2993 Domini,'
1817 2948 1885 2987 sed
1896 2947 2013 2986 etiam
2029 2946 2070 2986 in
2082 2955 2300 3001 conspectu

1375 3001 1580 3041 hominurn
1594 3010 1694 3043 esset
1706 3007 1716 3023 ‘
1733 3016 1835 3042 mors
1847 3002 1915 3041 illa
1929 3001 2130 3054 pretiosa!
2153 3003 2301 3043 Caecus

1377 3057 1601 3097 notissimus
1634 3058 1827 3097 universae
1859 3057 2010 3097 civitati
2052 3058 2299 3098 illuminatus

1376 3119 1448 3159 est,
1478 3111 1666 3160 cucurrit,
1696 3113 1841 3153 adduci
1872 3126 1912 3153 se
1944 3113 2051 3158 fecit,
2082 3113 2166 3153 sine
2195 3115 2296 3153 duce

1377 3181 1557 3207 reversus
1580 3174 1654 3208 est.
1712 3170 1907 3208 Nondum
1933 3168 2159 3209 audivimus
2188 3167 2296 3221 quod

1376 3223 1516 3262 obierit
1535 3240 1543 3262 :
1581 3223 1680 3263 forte
1709 3224 1842 3263 adbuc
1864 3224 1973 3263 vivit.
2052 3225 2103 3263 In
2122 3224 2210 3277 ipsa
2229 3236 2296 3263 eo·

1374 3291 1460 3318 rum
1499 3279 1678 3326 basilica,
1714 3279 1784 3319 ubi
1817 3286 1907 3320 sunt
1943 3292 2080 3319 eorum
2113 3291 2296 3334 corpora,

1373 3341 1495 3373 totam
1533 3342 1656 3375 vitam
1698 3348 1811 3374 suam
1850 3334 2084 3375 serviturum
2131 3347 2172 3375 se
2209 3345 2296 3374 esse

1373 3389 1550 3429 devovit.
1607 3390 1695 3430 Nos
1724 3390 1839 3430 illum
1860 3390 1981 3444 gavisi
2003 3403 2141 3430 sumus
2155 3389 2294 3431 viden-

2083 3444 2294 3484 Paullinus

390 3504 521 3545 simile
560 3504 663 3545 istud
703 3511 776 3551 est,
817 3510 938 3557 atque
976 3502 1078 3542 illud
1115 3502 1223 3555 quod
1269 3500 1311 3541 in
1366 3507 1516 3545 autem,
1536 3503 1714 3541 notarius
1734 3500 1950 3549 Ambrosii,
1972 3500 2042 3554 qui
2069 3501 2208 3540 eadem
2230 3512 2293 3540 re·-

392 3559 616 3614 Evangelio
645 3559 816 3613 legimus
831 3556 1196 3600 ‘l—Detestabilior
1215 3556 1310 3596 isto·
1366 3554 1454 3602 fert,
1475 3555 1528 3595 ait
1545 3556 1742 3596 hominem
1762 3563 1790 3581 ‘⁸
1813 3571 1918 3596 nunc
1937 3570 2055 3608 usque
2079 3555 2122 3595 in
2149 3554 2290 3595 eadem

389 3627 480 3655 rum
518 3627 642 3668 quam
673 3616 694 3655 J
703 3615 909 3655 udaeorum
944 3613 1179 3668 pertinacia.
1247 3611 1318 3652 Illi
1374 3610 1559 3660 basilica,
1597 3624 1688 3664 quaa
1736 3611 1881 3652 dicitur
1924 3610 2210 3654 Ambrosiam,
2247 3609 2290 3649 in

389 3682 482 3710 cum
514 3670 758 3720 dubitarent,
786 3669 852 3710 vel
883 3675 1067 3724 parentes
1097 3667 1315 3722 interroga·
1372 3679 1495 3718 quam
1519 3668 1745 3721 Martyrum
1774 3679 1942 3722 corpora
1966 3672 2060 3706 sunt
2082 3664 2288 3714 translata,

387 3724 511 3765 bant:
543 3725 605 3766 isti
624 3725 780 3766 occulte
798 3725 1055 3778 interrogant,
1079 3723 1212 3778 palam
1240 3735 1314 3762 ne·
1370 3721 1551 3776 religiose
1569 3721 1742 3762 vivere.'’
1780 3723 1810 3762 l.
1829 3735 1868 3762 c.
1889 3723 1926 3774 §.
1948 3722 2014 3760 14.

388 3786 500 3834 gant,
509 3779 596 3834 jam
608 3794 690 3822 non
702 3780 812 3836 operi
822 3779 1106 3830 increduli,sed
1116 3777 1313 3820 auetori.”
1425 3781 1448 3815 8
1478 3777 1571 3819 Vid.
1594 3791 1682 3833 sup.
1707 3777 1759 3819 ad
1779 3778 1808 3819 l.
1827 3776 1908 3818 viii.
1933 3789 1971 3816 e.
1995 3775 2058 3814 15.
