2378 4134
541 285 1144 340 CONFESSIONUM
1182 282 1426 337 LIBER
1463 281 1530 333 V.
1896 281 1966 330 75

110 416 269 472 verba
291 418 553 486 maliqna‚
577 417 654 470 ad
684 418 1026 476 excusandas
1059 415 1435 470 eccm-sationes
1467 413 1527 464 in
1552 411 1817 478 peccatis,
1841 425 1966 461 cum

112 501 414 556 hominibus
434 501 780 570 operantibus
802 504 1153 572 iniquitatem
1173 521 1192 559 ‚·
1234 506 1290 553 et
1322 497 1448 551 ideo
1483 495 1662 550 adhuc
1697 493 1968 547 combina-

114 589 234 642 bam
259 606 381 640 cum
407 589 589 640 electis
613 586 852 640 eorum'.

192 677 272 725 19.
313 672 422 726 Sed
446 679 622 724 tamen
640 673 755 743 jam
781 673 1074 742 desperans
1098 672 1156 723 in
1181 688 1246 723 ea
1270 669 1406 722 falsa
1430 667 1677 720 doctrina
1700 682 1787 716 me
1812 681 1972 734 posse

115 758 403 829 proficere3
443 775 613 828 eaque
649 758 772 827 ipsa
809 759 1008 828 quibus
1035 757 1081 809 si
1105 756 1246 809 nihil
1283 754 1477 807 melius
1511 752 1817 822 reperirem,
1844 767 1973 803 con-

116 851 293 899 tentus
319 861 435 896 esse
461 842 815 907 decreveram,
837 843 953 913 jam
977 842 1252 895 remissius
1282 839 1754 908 negligentiusque
1778 835 1974 888 retine-

117 932 256 983 bam.
330 928 550 981 Etenim
586 930 804 981 suborta
830 936 912 981 est
936 929 1096 981 etiam
1129 927 1263 980 mihi
1301 925 1577 994 cogitatio,
1602 921 1976 993 prudentiores

119 1014 323 1068 caeteris
358 1013 523 1065 fuisse
558 1014 682 1066 illos
716 1014 1092 1083 philosophOS,
1120 1031 1257 1083 quos
1291 1010 1646 1063 Academicos
1684 1008 1977 1077 appellant,

121 1099 265 1170 quod
300 1099 366 1151 de
402 1099 651 1151 omnibus
695 1097 1052 1151 dubitandum
1095 1115 1212 1149 esse
1253 1103 1588 1159 censuerant,
1624 1112 1726 1147 nec
1771 1091 1980 1163 aliquid

119 1186 229 1238 veri
256 1186 322 1237 ab
348 1185 566 1236 homine
594 1183 978 1252 comprehendi
1011 1201 1172 1253 posse
1208 1182 1566 1234 decreverant.
1643 1181 1730 1232 Ita
1755 1178 1900 1231 enim
1926 1183 1982 1230 et

119 1271 252 1323 mihi
287 1271 496 1340 liquido
536 1271 765 1322 sensisse
803 1270 1139 1333 videbantur,
1177 1276 1238 1321 ut
1274 1269 1436 1336 vulgo
1475 1268 1791 1331 habentur¹³‚
1818 1265 1981 1317 etiam

119 1357 331 1408 illorum
372 1356 722 1407 intentionem
763 1355 1003 1407 nondum
1052 1354 1395 1422 intelligenti.
1474 1354 1594 1405 Nec
1646 1349 1982 1403 dissimulavi

122 1442 367 1494 eumdem
410 1442 678 1510 hospitem
719 1458 897 1492 meum
939 1440 1226 1508 reprimere
1267 1458 1300 1491 a
1341 1439 1510 1490 nimia
1552 1437 1772 1502 fiducia,
1818 1453 1983 1505 quam

125 1529 269 1581 sensi
303 1546 424 1580 eum
457 1529 655 1579 habere
692 1525 758 1577 de
793 1526 953 1577 rebus
987 1524 1267 1588 fabulosiS,
1296 1524 1493 1594 quibus
1520 1523 1818 1576 Manichaei
1856 1520 1983 1573 libri

124 1613 272 1683 pleni
305 1620 443 1664 sunt.
518 1611 772 1664 Amicitia
805 1619 981 1663 tamen
1016 1628 1198 1662 eorum
1232 1610 1548 1662 familiarius
1578 1610 1785 1673 utebar,
1820 1624 1983 1677 quam

128 1706 434 1752 caeterorum
471 1697 750 1749 hominum
790 1696 884 1765 qui
920 1695 978 1746 in
1014 1695 1109 1747 illa
1146 1695 1339 1747 haeresi
1384 1713 1496 1746 non
1544 1694 1786 1746 fuissent.
1864 1694 1983 1744 Nec

128 1802 244 1836 eam
270 1782 619 1835 defendebam
655 1781 883 1850 pristina
909 1780 1280 1844 animositate3
1322 1780 1417 1833 sed
1445 1787 1623 1833 tamen
1649 1779 1985 1832 familiaritas

190 1931 209 1962 Ρ
237 1928 364 1967 Veros
384 1925 611 1965 Academiae
634 1938 745 1964 novae
766 1938 902 1964 sensus
922 1923 1022 1964 alias

135 1980 259 2034 aperit
298 1981 417 2032 Aug..
457 1987 497 2018 et
543 1993 663 2030 quare
701 1979 741 2017 in
786 1979 1024 2031 disputando

136 2036 222 2074 aliis
252 2035 382 2088 potius
416 2035 606 2073 adversati
637 2034 727 2079 sint,
760 2047 879 2086 quam
913 2046 1024 2072 suam

136 2089 307 2141 aliquam
347 2088 582 2127 sententiam
622 2086 880 2133 defenderint,
920 2086 1026 2126 unde

135 2156 204 2196 pro
231 2143 420 2196 Scepticis
454 2142 575 2181 habiti
611 2142 718 2190 sint3
755 2141 797 2181 id
832 2154 922 2181 vero
957 2155 1027 2195 pro

137 2199 295 2236 istorum
331 2203 546 2249 temporum
583 2197 745 2241 ratione,
785 2196 843 2234 vel
882 2196 1027 2234 utiliter

137 2251 281 2291 factum
313 2265 394 2290 esse
420 2250 631 2290 contendit.
688 2255 713 2274 “
739 2251 810 2289 Sat
832 2258 890 2289 est
911 2249 960 2289 ad
988 2250 1027 2289 id

136 2306 239 2358 quod
262 2306 361 2350 volo.
386 2306 591 2344 Platonem
619 2305 784 2344 sensisse
816 2304 914 2343 duos
943 2317 1029 2344 esse

138 2359 320 2410 mundos,
359 2372 479 2398 unum
528 2359 834 2411 intelligibilem,
871 2360 910 2397 in
950 2372 1028 2411 quo

137 2413 223 2467 ipsa
242 2418 383 2453 veritas
402 2413 610 2458 habitaret,
629 2413 746 2452 istum
777 2421 907 2453 autem
941 2426 1028 2452 sen-

138 2469 306 2513 sibilem,
332 2480 448 2521 quem
479 2468 728 2507 manifestum
763 2474 823 2507 est
849 2480 918 2507 nos
946 2467 1030 2508 visu

142 2529 328 2574 tactuque
347 2522 507 2561 sentire.
568 2522 706 2573 ltaque
736 2521 847 2560 illum
880 2534 1029 2567 verum,

141 2575 244 2615 hunc
268 2575 514 2615 verisimilem
533 2583 573 2614 et
602 2576 653 2615 ad
682 2575 787 2615 illius
818 2576 1028 2626 imaginem

142 2630 305 2669 factum.
362 2630 413 2667 Et
432 2630 521 2669 ideo
549 2629 598 2668 de
625 2629 694 2669 illo
725 2630 764 2667 in
795 2642 844 2668 ea
874 2643 962 2682 quae
992 2643 1032 2669 se

144 2691 393 2736 cognosceret
413 2685 559 2728 anima,
572 2683 677 2722 velut
687 2683 851 2736 expoliri
866 2691 905 2722 et
920 2684 1032 2736 quasi

141 2738 310 2778 serenari
347 2741 573 2784 veritatem;
623 2737 672 2777 de
711 2738 782 2776 hoc
822 2746 954 2777 autem
994 2739 1034 2776 in

144 2793 351 2831 stultorum
398 2792 539 2831 animis
584 2804 663 2830 non
709 2792 927 2838 scientiam,
966 2792 1034 2832 sed

142 2846 366 2898 opinionem
410 2858 521 2899 posse
565 2846 752 2898 generari.
829 2845 1035 2899 Quidquid

145 2908 277 2939 tamen
305 2908 486 2950 ageretur
515 2901 557 2939 in
587 2901 660 2940 hoc
692 2901 839 2940 mundo
868 2914 937 2954 per
968 2914 1036 2940 eas

144 2955 303 2994 virtutes
340 2967 439 3006 quas
477 2953 612 2994 civiles
651 2955 830 3002 vocabat,
868 2955 1035 2994 aliarum

144 3021 319 3048 verarum
335 3008 520 3047 virtutum
536 3009 695 3056 similes,
709 3022 798 3062 quae
811 3007 884 3048 nisi
900 3010 1038 3062 paucis

149 3063 391 3116 sapientibus
411 3063 554 3114 iguotae
574 3071 718 3110 essent,
731 3077 809 3102 non
830 3077 942 3116 posse
965 3063 1035 3103 nisi

147 3117 227 3155 veri
247 3116 373 3156 simile
392 3116 595 3156 nominari.
633 3118 731 3157 Haec
747 3125 786 3158 et
802 3118 882 3157 alia
900 3117 1036 3170 hujus-

149 3170 255 3209 modi
291 3170 387 3209 mihi
424 3172 603 3212 videntur
648 3171 750 3212 inter
794 3185 1038 3213 successores

150 3222 248 3275 ejus,
266 3231 455 3275 quantum
479 3233 675 3279 poterant,
694 3239 778 3266 esse
806 3234 974 3274 servata,
995 3233 1033 3266 et

151 3288 221 3329 pro
239 3278 429 3329 mysteriis
446 3280 650 3319 custodita.
709 3281 802 3320 Nou
828 3280 934 3320 enim
966 3288 1035 3320 aut

153 3330 268 3370 facile
287 3332 362 3370 ista
377 3332 656 3386 percipiuntur,
674 3334 747 3373 nisi
766 3336 817 3375 ab
835 3336 892 3374 eis
905 3335 973 3388 qui
992 3348 1032 3374 se

155 3384 204 3423 ab
229 3384 409 3424 omnibus
432 3386 536 3426 vitiis
562 3388 812 3434 mundantes,
842 3389 884 3428 in
913 3390 1034 3429 aliam

154 3437 366 3489 quamdam
387 3439 476 3492 plus
495 3453 613 3492 quam
633 3442 845 3482 humanam
873 3456 1033 3483 consue-

154 3491 329 3531 tudinem
356 3493 648 3540 vindicaverint,
675 3504 744 3536 aut
768 3510 844 3536 non
870 3498 1039 3548 graviter

154 3555 292 3599 peccat
323 3547 498 3599 quisquis
522 3560 570 3587 ea
599 3550 724 3590 sciens
751 3551 947 3601 quoslibet
975 3551 1045 3590 ho-

155 3599 281 3639 mines
308 3600 448 3640 docere
483 3600 656 3644 voluerit.
713 3606 848 3652 Quare
880 3617 971 3645 cum
1003 3605 1045 3644 in

156 3654 276 3694 falsas
293 3653 496 3707 opiniones
515 3668 625 3696 ruere
655 3658 769 3698 turba
795 3658 845 3698 sit
874 3659 1045 3712 pronior,

156 3714 196 3747 et
229 3709 509 3749 consuetudine
542 3721 745 3763 corporum
780 3714 914 3752 omnia
957 3726 1043 3754 esse

157 3774 342 3816 corporea
371 3762 573 3809 facillime,
607 3765 673 3805 sed
703 3765 817 3806 noxie
846 3767 1043 3814 credatur.

1079 1923 1250 1963 instituit
1269 1925 1327 1963 vir
1347 1925 1594 1965 acutissimus
1625 1932 1743 1977 atque
1778 1921 1984 1961 humanis-

1079 1979 1212 2022 simus,
1246 1979 1435 2019 dedocere
1467 1980 1599 2033 potius
1630 1992 1727 2031 quos
1758 1977 1985 2031 patiebatur

1081 2035 1186 2072 male
1216 2033 1365 2079 doctos,
1386 2047 1503 2087 quam
1537 2034 1678 2074 docere
1705 2045 1803 2086 quos
1834 2031 1987 2072 dociles

1082 2100 1159 2126 non
1182 2087 1458 2129 arbitrabatur.
1522 2087 1624 2128 Inde
1644 2087 1715 2126 illa
1734 2086 1867 2126 omnia
1891 2092 1987 2126 nata

1081 2149 1172 2181 sunt
1205 2155 1294 2194 quae
1334 2156 1445 2182 novae
1480 2142 1712 2182 Academiae
1746 2141 1986 2185 tribuuntur.

1082 2197 1175 2248 quia
1214 2209 1347 2236 eorum
1399 2198 1670 2236 necessitatem
1711 2204 1863 2236 veteres
1909 2209 1988 2234 non

1084 2251 1330 2291 habebant.’'
1381 2265 1415 2292 c.
1457 2252 1651 2291 Academ.
1691 2252 1718 2291 l.
1755 2250 1812 2289 iii.
1847 2264 1883 2290 c.
1923 2251 1987 2290 17.

1084 2309 1110 2327 ‘⁸
1131 2306 1305 2345 Tantum
1323 2314 1418 2346 tunc
1435 2307 1629 2346 variarum
1647 2313 1843 2346 sectarum
1857 2304 1990 2344 studia

1083 2359 1322 2411 flagrabant,
1362 2369 1404 2400 ut
1446 2361 1542 2400 nibil
1583 2360 1838 2400 metuendum
1888 2366 1988 2399 esset

1087 2414 1161 2453 nisi
1207 2414 1294 2454 falsi
1333 2416 1576 2469 approbatiO.
1661 2415 1807 2454 Pulsus
1854 2420 1989 2452 autem

1086 2469 1252 2520 quisque
1285 2470 1362 2508 illis
1393 2469 1634 2521 argumentis
1661 2470 1710 2508 ab
1740 2482 1801 2516 eo,
1822 2468 1927 2520 quod
1949 2480 1991 2508 se

1087 2523 1241 2561 firmum
1277 2531 1316 2563 et
1343 2524 1617 2562 inconcussum
1648 2531 1779 2563 tenere
1809 2522 1988 2562 credide-

1087 2584 1162 2623 rat,
1187 2584 1296 2617 tanto
1316 2578 1561 2617 constantius
1578 2584 1699 2630 atque
1712 2577 1867 2617 cautius
1881 2577 1991 2616 aliud

1087 2632 1305 2683 quaerebat,
1337 2639 1487 2683 quanto
1514 2640 1553 2671 et
1579 2632 1620 2670 in
1654 2632 1830 2671 moribus
1865 2631 1990 2683 major

1089 2692 1172 2724 erat
1192 2685 1400 2731 industria,
1422 2694 1460 2725 et
1481 2686 1520 2724 in
1542 2693 1684 2726 natura
1711 2699 1838 2725 rerum
1869 2693 1989 2738 atque

1091 2740 1308 2778 animorum
1364 2740 1555 2780 altissima
1601 2747 1642 2779 et
1685 2739 1992 2794 implicitissima

1091 2794 1211 2833 latere
1239 2794 1380 2834 veritas
1407 2796 1658 2834 sentiebatur.
1716 2796 1849 2835 Tanta
1879 2807 1993 2846 porro

1092 2861 1197 2887 nunc
1230 2847 1323 2899 suga
1361 2848 1504 2888 laboris
1539 2856 1578 2888 et
1611 2849 1762 2889 incuria
1798 2851 1992 2890 bonarum

1092 2902 1249 2947 artium,
1269 2910 1311 2942 ut
1342 2904 1457 2943 simul
1489 2911 1608 2956 atque
1638 2904 1826 2950 sonuerit,
1848 2903 1992 2944 acutis-

1092 2956 1202 2996 simis
1220 2956 1465 3011 philosopbis
1485 2972 1570 2998 esse
1596 2957 1722 2998 visum
1755 2959 1853 2998 nihil
1882 2971 1993 3012 posse

1092 3011 1386 3064 comprehendi,
1427 3013 1630 3052 dimittant
1677 3020 1828 3053 mentes
1875 3020 1913 3052 et
1952 3012 1995 3051 in

1094 3075 1282 3104 aeternum
1331 3067 1548 3107 obducant.
1605 3068 1715 3119 Aug.
1755 3069 1831 3122 Ep.
1873 3068 1901 3107 i.
1942 3067 1994 3106 ad

1096 3120 1283 3171 Hermog.
1339 3122 1484 3160 Eorum
1506 3129 1638 3161 tamen
1658 3128 1685 3144 ‘¹
1708 3122 1915 3169 rationem,
1937 3121 1995 3160 illi

1095 3175 1260 3228 tempori
1288 3187 1519 3227 congruam,
1539 3177 1655 3216 simul
1674 3190 1764 3216 cum
1790 3176 1877 3230 ipso
1895 3182 1994 3214 tem-

1088 3242 1181 3283 pore
1202 3230 1400 3283 sepultam
1421 3231 1533 3270 esse”
1554 3230 1754 3276 debuisse,
1773 3230 1878 3269 idem
1900 3242 1995 3268 con-

1090 3283 1231 3323 tendit.
1261 3283 1461 3334 (c.Acad.
1478 3284 1520 3323 ii.
1539 3284 1600 3335 l.)
1623 3289 1651 3306 ⁴‘
1673 3283 1996 3324 Omnino''enim

1089 3343 1116 3361 “
1130 3337 1352 3377 civitasDei
1362 3338 1481 3378 talem
1493 3338 1780 3378 dubitationem
1791 3346 1996 3390 tamquam

1090 3391 1333 3431 dementiam
1361 3392 1594 3437 detestatur.
1619 3393 1771 3432 habens
1796 3392 1847 3431 de
1876 3392 1995 3431 rebus

1091 3457 1191 3498 quas
1210 3453 1343 3485 mente
1365 3452 1483 3498 atque
1506 3446 1656 3486 ratione
1679 3445 1992 3500 comprehendit,

1091 3499 1245 3539 etiamsi
1263 3512 1441 3552 parvam,
1463 3506 1474 3521 ‘
1494 3508 1651 3554 propter
1667 3514 1810 3552 corpus
1830 3513 1992 3554 corrup-

1100 3553 1212 3593 tibile
1223 3553 1329 3606 quod
1345 3562 1535 3605 aggravat
1549 3555 1753 3600 animam‚’
1770 3553 1998 3607 (quoniam,

1101 3607 1203 3646 sicut
1234 3607 1331 3646 dicit
1367 3608 1509 3661 Apost.
1541 3616 1551 3633 ¹
1575 3622 1623 3649 ex
1662 3615 1774 3663 parte
1809 3609 1998 3660 scimus')

1101 3667 1236 3755 {gmetli
1254 3660 1511 3700 certissimam
1531 3663 1781 3704 scientiam.”
1819 3664 1884 3704 De
1914 3663 1999 3704 civ.

1145 3715 1196 3760 ei.
1237 3744 1247 3756 .
1268 3715 1346 3755 xix.
1365 3729 1402 3756 c.
1431 3717 1491 3756 18.
