2378 4134
478 211 1081 265 CONFESSIONUM
1121 211 1362 265 LIBER
1396 211 1561 264 XIII.
1837 215 1946 264 255

134 345 146 357 '
180 342 440 410 tinguitur
461 350 716 411 tempore,
741 340 890 412 quod
924 342 1155 395 tenebrae
1167 343 1412 412 fuimm,
1435 348 1491 394 et
1513 343 1615 393 lux
1642 340 1912 412 efficimur
1928 361 1944 394 :
1968 352 2157 408 Eph.5,8.

185 428 280 479 illa
305 443 429 478 vero
462 425 667 478 dictum
705 435 787 478 est
826 425 959 495 quid
1001 434 1159 492 esset,
1189 426 1296 479 nisi
1332 425 1756 491 illuminaretur3
1801 434 1856 479 et
1875 427 1955 479 ita

70 513 298 603 dictum
321 519 420 576 est,
446 512 600 582 quasi
631 512 783 580 prius
817 512 978 566 fuerit
1012 514 1165 566 fluxa
1203 519 1258 565 et
1289 513 1605 575 tenebrosa3
1642 518 1704 564 ut
1728 530 1952 582 appare·

74 604 174 653 met
204 615 367 651 causa
401 613 510 666 qua
537 597 739 650 factum
774 604 857 650 est
890 606 952 650 ut
985 598 1141 650 aliter
1173 604 1332 662 esset,
1356 597 1416 649 id
1448 604 1545 662 est,
1577 605 1637 650 ut
1670 597 1742 650 ad
1770 598 1955 650 lumen

60 695 62 698 '
90 681 407 736 indeficiens
445 699 700 735 conversa
734 683 832 734 lux
865 690 1021 735 esset.
1098 683 1206 744 Qui
1238 689 1436 752 potest,
1458 679 1762 750 intelligat*
1784 702 1799 746 ;
1844 701 1878 734 a
1900 689 1954 734 te

79 773 255 838 petat.
333 766 547 836 thuid
570 767 705 819 mihi
730 768 988 819 molestus
1013 774 1113 833 est,
1140 767 1295 838 quasi
1321 785 1422 835 ego
1446 769 1753 819 illuminem
1784 767 1954 818 ullum
1970 783 2151 830 Joh.l,9.

92 853 358 909 hominem
384 853 682 903 venientem
709 853 770 903 in
796 854 941 904 hunc
967 853 1232 904 mundum
1251 850 1279 902 ,9

169 939 250 987 12
290 936 607 989 Trinitatem
631 937 1052 1006 omnipotentem
1081 938 1203 1006 quis
1228 937 1519 1004 intelligit?
1584 939 1662 990 Et
1695 938 1818 1007 quis
1842 955 1952 989 non
2025 959 2101 998 XI

92 1021 331 1090 loquitur
353 1039 490 1085 eam,
517 1022 563 1073 si
587 1030 767 1074 tamen
794 1019 947 1074 eam?
1014 1024 1161 1074 Rara
1203 1023 1382 1075 anima
1419 1041 1540 1092 quae
1587 1022 1715 1075 dum
1753 1021 1820 1074 de
1856 1023 1952 1075 illa
1967 1013 2158 1108 {ffi'ibffla

93 1106 343 1175 loquitur,
371 1106 489 1170 scit,
515 1106 660 1175 quod
696 1104 984 1176 loquitur&
1062 1108 1138 1158 Et
1161 1107 1494 1159 contendunt
1517 1114 1572 1160 et
1597 1107 1873 1172 dimicant,
1899 1114 1953 1159 et
1967 1122 2014 1160 ns
2033 1122 2074 1161 iu

90 1207 248 1241 nemo
287 1190 401 1242 sine
439 1209 574 1260 pace
613 1190 760 1242 videt
795 1191 953 1242 istam
992 1190 1268 1243 visionem.
1344 1193 1555 1244 Vellem
1592 1199 1653 1244 ut
1688 1193 1807 1244 haec
1851 1193 1954 1244 tria
1968 1176 2142 1218 homine.

93 1275 389 1342 cogitarent
427 1275 676 1328 homines
718 1275 774 1326 in
821 1276 1055 1344 seipsis.
1133 1277 1321 1343 Longe
1354 1278 1503 1329 aliud
1547 1286 1671 1331 sunt
1706 1278 1811 1329 ista
1853 1278 1954 1329 tria

147 1466 163 1488 ⁸
193 1469 220 1486 ‘³
243 1463 297 1501 Et
325 1475 394 1501 nos
423 1462 581 1514 quidem
613 1462 652 1500 in
685 1460 811 1504 nobis,
831 1460 990 1499 tametsi

97 1529 173 1556 non
193 1516 401 1568 aequalem,
422 1517 541 1554 immo
560 1516 675 1555 valde
697 1515 891 1566 longeque
909 1513 988 1553 dis-

94 1577 258 1616 tantem,
271 1583 396 1622 neque
408 1580 658 1614 coaeternam,
671 1576 725 1613 et,
743 1582 822 1621 quo
835 1569 990 1607 brevius

94 1631 217 1664 totum
248 1625 403 1671 dicitur,
424 1637 502 1663 non
531 1624 710 1677 ejusdem
740 1623 987 1667 substantiae,

96 1679 207 1740 cujus
226 1686 285 1717 est
309 1679 430 1726 Deus,
450 1686 580 1718 tamen
602 1691 681 1730 qua
703 1678 790 1716 Deo
820 1677 915 1715 nihil
944 1677 991 1715 sit

97 1732 136 1772 in
156 1734 270 1773 rebus
287 1734 337 1772 ab
356 1746 401 1772 eo
428 1733 541 1772 factis
562 1742 701 1772 natura
720 1731 991 1785 propinquius,

94 1786 303 1840 imaginem
343 1786 437 1831 Dei,
477 1787 550 1826 hoc
588 1795 648 1826 est
684 1799 849 1826 summae
886 1785 992 1824 illius

94 1841 311 1886 Trinitatis,
349 1842 610 1893 agnoscimuS,
643 1840 772 1880 adhuc
806 1839 990 1878 reforma·

93 1895 198 1935 tione
224 1895 518 1956 perficiendam,
548 1903 593 1934 ut
626 1896 674 1934 sit
703 1894 821 1934 etiam
853 1893 988 1932 simili-

97 1949 231 1989 tudine
253 1948 444 2002 proxima.
501 1950 606 1988 Nam
628 1958 667 1988 et
685 1961 833 1992 sumuS,
854 1956 892 1986 et
917 1961 988 1987 nos

95 2017 180 2043 esse
198 2017 392 2049 novimus,
414 2010 452 2042 et
473 2003 511 2042 id
530 2016 616 2044 esse
643 2017 690 2043 ac
721 2016 834 2042 nosse
862 2002 989 2052 diligi-

95 2070 196 2097 mus.
235 2058 284 2095 In
302 2058 360 2096 his
378 2064 509 2097 autem
526 2058 651 2096 tribus
665 2071 756 2108 quae
770 2056 868 2103 dixi,
882 2057 991 2094 nulla

97 2124 166 2150 nos
186 2112 337 2152 falsitas
357 2112 435 2151 veri
455 2111 592 2150 similis
612 2111 787 2151 turbat.'’
814 2110 917 2161 Aug.
943 2111 992 2150 de

96 2165 183 2206 civ.
205 2165 298 2211 Dei,
321 2166 346 2204 l.
369 2165 422 2205 xi.
437 2179 472 2205 c.
489 2167 557 2204 26.
597 2171 623 2188 “
641 2165 747 2204 Sicut
765 2172 895 2204 autem
912 2165 990 2204 duo

100 2220 282 2272 quaedam
302 2227 406 2263 sunt,
422 2233 532 2259 mens
550 2227 590 2259 et
609 2233 716 2259 amor
729 2220 826 2272 ejus,
841 2232 928 2258 cum
951 2232 991 2258 se

97 2282 225 2313 amat:
274 2276 327 2313 ita
360 2274 540 2327 qua-dam
573 2274 651 2312 duo
682 2284 786 2320 sunt,
815 2287 926 2312 mens
953 2282 991 2312 et

96 2328 233 2367 notitia
260 2328 359 2381 ejus,
388 2341 476 2366 curn
506 2341 546 2367 se
575 2328 693 2366 novit.
750 2327 875 2378 Igitur
906 2327 992 2380 ipsa

98 2395 206 2422 mens
222 2390 262 2421 et
277 2396 388 2422 amor
404 2390 443 2422 et
455 2382 590 2421 notitia
602 2381 700 2433 ejus,
717 2382 790 2422 tria
806 2381 990 2433 quaedam

98 2443 201 2479 ειιιιι,
235 2445 274 2476 ει
303 2437 389 2475 haec
423 2436 495 2475 tria
527 2449 647 2476 unum
683 2444 794 2474 Sunt:
832 2442 870 2473 et
901 2448 988 2474 cum

96 2490 268 2542 perfecta
301 2498 407 2535 sunt,
442 2491 609 2542 aequalia
642 2497 747 2529 sunt.
810 2489 849 2528 Si
886 2490 991 2528 enim

98 2544 227 2584 minus
248 2558 288 2583 Se
308 2552 413 2583 amat
434 2558 552 2596 quam
569 2552 639 2589 εει,
657 2552 712 2588 ιιι,
731 2544 835 2582 verbi
849 2545 989 2595 gratia,

96 2603 248 2636 tantum
269 2613 310 2637 se
333 2606 436 2637 amet
461 2598 625 2637 hominis
654 2611 777 2642 mens,
799 2606 989 2650 quantum

97 2653 310 2692 amandum
341 2661 399 2691 est
424 2665 564 2706 corpus
584 2652 765 2697 bominis,
785 2665 874 2691 cum
902 2653 992 2706 plus

99 2705 149 2744 sit
169 2706 254 2760 ipsa
273 2719 391 2758 quam
412 2719 573 2760 corpus;
606 2713 755 2766 peccat,
775 2714 813 2745 et
835 2719 911 2745 non
932 2716 991 2746 est

96 2761 290 2812 perfectus
309 2774 416 2800 amor
435 2761 534 2813 ejus.
587 2761 687 2799 Item
708 2774 739 2798 ει
760 2761 930 2814 amplius
949 2775 989 2800 se

98 2824 204 2853 amat
222 2828 340 2866 quam
365 2823 439 2862 est,
459 2815 565 2854 velut
584 2815 615 2853 si
635 2822 786 2853 tantum
808 2828 848 2854 se
870 2822 989 2860 amet,

97 2876 287 2920 quantum
305 2869 495 2907 amandus
512 2877 571 2907 est
591 2869 717 2914 Deus,
734 2882 822 2908 cum
842 2869 986 2908 incom-

97 2923 323 2974 parabiliter
353 2923 481 2962 minus
506 2924 556 2962 Sit
585 2923 670 2976 ipsa
700 2936 817 2975 quam
851 2924 987 2964 Deus:

97 2976 212 3015 etiam
243 2978 299 3016 sic
327 2976 489 3015 nimium
516 2985 669 3030 peccat,
689 2986 727 3016 et
747 2991 822 3016 non
844 2977 990 3031 peifec-

98 3034 179 3069 tum
202 3030 321 3070 habet
340 3044 510 3070 amorem
541 3032 615 3070 sui.
674 3031 829 3084 Majore
856 3039 986 3071 autem

97 3085 346 3136 perversitate
359 3092 398 3124 et
413 3085 616 3137 iniquitate
634 3094 788 3139 peccat,
800 3099 887 3124 cum
903 3100 986 3125 cor·

98 3149 171 3190 pus
190 3144 342 3177 tantum
363 3148 484 3183 amat,
502 3149 690 3191 quantum
719 3140 911 3179 amandus
930 3148 985 3179 est

99 3191 225 3232 Deus.
282 3194 382 3231 Item
413 3193 550 3232 notitia
570 3194 600 3231 si
622 3194 747 3233 minor
775 3202 847 3239 est,
868 3207 986 3256 quarn

101 3252 160 3284 est
190 3246 289 3286 illud
320 3247 425 3298 quod
459 3248 642 3293 noscitur,
671 3257 708 3286 et
737 3249 853 3301 plene
885 3250 991 3288 nosci

100 3305 239 3351 potest,
256 3301 425 3354 perfecta
446 3314 522 3340 non
541 3309 613 3341 est.
663 3303 780 3340 ‘tlens
795 3315 885 3340 vero
901 3314 989 3340 cum

99 3353 275 3406 teipsam
293 3356 506 3407 cognoscit,
524 3369 601 3394 non
621 3368 660 3395 Se
681 3362 839 3409 Superat
856 3355 992 3394 notitia

99 3418 192 3455 tua3
222 3408 316 3458 quia
342 3409 427 3462 ipsa
457 3411 668 3458 cognoscit,
688 3423 774 3463 ipsa
792 3410 993 3460 cognosci-

101 3465 174 3500 tur.
210 3462 312 3502 Cum
328 3476 419 3511 ergo
439 3474 481 3501 se
499 3469 621 3502 totam
637 3464 851 3515 cognoscit,
866 3476 992 3516 neque

101 3526 230 3554 secum
251 3516 466 3568 quidquam
487 3516 609 3558 aliud.
630 3530 701 3569 par
729 3518 784 3556 illi
815 3523 874 3556 est
900 3530 989 3568 cog-

99 3567 195 3607 nitio
214 3581 306 3607 Sua:
337 3570 431 3630 quia
451 3582 578 3623 neque
595 3583 643 3610 ex
663 3572 740 3611 alia
767 3579 907 3611 natura
933 3578 993 3611 est

99 3620 184 3673 ejus
214 3623 398 3675 cognitio,
427 3635 518 3663 cum
548 3636 589 3662 se
617 3624 743 3676 ipsam
774 3626 991 3677 cognoscit.

101 3674 153 3715 Et
169 3689 259 3716 cnm
276 3689 318 3718 se
337 3683 458 3717 totam
480 3677 654 3730 nihilque
675 3679 843 3732 amplius
868 3678 991 3732 perci-

1824 1463 1950 1503 Recte

1046 1513 1357 1566 igiturdiximus,
1373 1515 1456 1554 haec
1470 1515 1540 1555 tria
1553 1529 1642 1555 cum
1657 1516 1832 1569 perfecta
1843 1526 1950 1562 sunt,

1045 1580 1130 1607 esse
1149 1576 1434 1621 consequenter
1444 1570 1628 1622 aequalia.
1632 1571 1814 1611 —Simul
1828 1572 1949 1611 etiam

1046 1622 1321 1684 admonemur,
1345 1624 1378 1662 si
1411 1632 1622 1685 utcumque
1652 1624 1786 1666 videre
1811 1639 1947 1678 possu-

1047 1689 1151 1724 muS,
1164 1677 1279 1716 haec
1271 1691 1310 1716 ιιι
1333 1677 1466 1717 anima
1478 1678 1678 1727 exsistere,
1691 1686 1729 1718 et
1746 1689 1947 1732 tamquam

1047 1730 1223 1770 involuta
1242 1731 1371 1770 evolvi
1390 1740 1433 1771 ιιι
1451 1733 1670 1772 sentiantur
1699 1741 1737 1772 et
1767 1734 1946 1775 dinume-

1046 1793 1180 1825 rentur
1205 1787 1527 1831 substantialiter,
1549 1787 1626 1832 vel,
1647 1793 1690 1827 ut
1718 1788 1774 1826 ita
1800 1788 1946 1837 dicam,

1047 1840 1322 1888 essentialiter,
1341 1854 1419 1880 non
1448 1848 1651 1902 tamquam
1680 1841 1719 1880 ιιι
1749 1843 1943 1893 subjecto,

1044 1900 1090 1931 ut
1115 1894 1220 1932 color
1243 1902 1310 1933 aut
1340 1895 1466 1946 figura
1498 1895 1539 1933 in
1570 1909 1743 1947 corpore,
1766 1905 1835 1935 aut
1863 1897 1946 1937 ulla

1043 1947 1300 2000 aliaqualitas
1311 1957 1376 1987 aut
1388 1950 1600 2002 quantitas.
1622 1950 1828 2002 Quidquid
1840 1951 1945 1990 enim

1048 2001 1127 2040 tale
1157 2009 1229 2046 est,
1259 2016 1331 2041 non
1363 2003 1518 2042 excedit
1546 2004 1767 2055 subjectum
1800 2005 1839 2042 in
1867 2019 1946 2058 quo

1047 2062 1118 2094 est.
1148 2057 1241 2095 Non
1259 2056 1364 2096 enim
1385 2058 1491 2096 color
1511 2057 1581 2096 iste
1599 2066 1666 2096 aut
1684 2058 1809 2108 figura
1829 2060 1945 2112 hujus

1048 2111 1217 2163 corporis
1236 2119 1363 2164 potest
1382 2124 1481 2157 esse,
1499 2119 1539 2151 et
1568 2112 1731 2151 alterius
1760 2115 1942 2166 corporis.

1048 2165 1168 2203 Mens
1195 2174 1327 2204 autem
1360 2178 1491 2204 amore
1519 2179 1596 2218 quo
1616 2179 1656 2205 se
1676 2175 1797 2212 amat,
1818 2175 1946 2220 potest

1049 2231 1179 2257 amare
1201 2227 1239 2258 et
1259 2220 1367 2258 aliud
1388 2227 1528 2272 praeter
1555 2233 1609 2259 se.
1669 2222 1769 2260 Item
1799 2235 1876 2260 non
1903 2236 1943 2263 se

1048 2273 1170 2311 solam
1189 2274 1387 2324 coenoscit
1410 2287 1534 2321 ιιιειιε,
1555 2274 1622 2313 sed
1644 2283 1682 2313 et
1706 2276 1784 2314 alia
1804 2277 1944 2316 multa.

1049 2328 1316 2373 Quamobrem
1339 2340 1416 2366 non
1440 2341 1547 2366 amor
1576 2336 1614 2367 et
1643 2330 1814 2380 cognitio
1839 2339 1942 2369 tam-

1046 2393 1165 2432 quam
1187 2382 1225 2419 in
1246 2382 1423 2434 subjecto
1443 2383 1577 2421 insunt
1594 2384 1739 2431 menti;
1769 2384 1838 2422 sed
1855 2386 1946 2424 Sub-

1047 2435 1283 2474 stantialiter
1322 2436 1439 2475 etiam
1475 2436 1550 2475 ista
1583 2445 1689 2481 sunt,
1726 2438 1825 2476 sicut
1858 2438 1943 2500 ipsa

1048 2501 1178 2527 mens:
1210 2490 1304 2542 quia
1323 2491 1396 2529 etsi
1415 2490 1577 2529 relative
1596 2490 1778 2530 dicuntur
1806 2492 1856 2530 ad
1884 2493 1942 2531 in-

1047 2543 1187 2590 vicem,
1201 2544 1238 2582 in
1258 2558 1329 2583 sua
1347 2552 1479 2584 tamen
1496 2552 1584 2583 sunt
1601 2546 1755 2597 singula
1773 2560 1943 2599 quaeque

1046 2598 1277 2637 substantia.
1282 2599 1393 2637 —At
1424 2599 1465 2636 in
1498 2598 1578 2636 illis
1610 2601 1748 2646 tribuS,
1778 2613 1866 2639 cum
1901 2615 1941 2639 se

1048 2651 1152 2690 novit
1186 2665 1294 2691 mens
1325 2660 1364 2692 et
1395 2660 1501 2691 amat
1531 2665 1587 2695 se,
1615 2661 1748 2692 manet
1776 2654 1940 2699 trinitas,

1046 2718 1172 2752 mens,
1203 2719 1323 2752 amor,
1352 2706 1508 2754 notitia3
1550 2714 1588 2746 et
1615 2707 1726 2746 nulla
1750 2708 1939 2746 commix-

1046 2760 1149 2799 tione
1187 2762 1457 2800 confunditur:
1500 2760 1680 2820 quamvis
1713 2769 1752 2800 et
1786 2762 1940 2814 singula

1046 2814 1180 2852 sintin
1199 2816 1431 2869 semetipsis,
1449 2815 1668 2854 etinvicem
1688 2823 1768 2855 tota
1784 2830 1822 2854 ιιι
1838 2825 1941 2861 totis

1046 2868 1126 2908 sive
1140 2868 1346 2921 singulam
1361 2870 1478 2915 binis,
1495 2870 1575 2908 sive
1597 2870 1714 2908 bina
1706 2883 1746 2908 ιιι
1762 2870 1940 2922 Singulis,

1045 2923 1187 2973 Itaque
1207 2924 1338 2963 omnia
1357 2924 1397 2962 in
1413 2924 1606 2963 omnibus.
1644 2924 1751 2964 Nam
1772 2931 1810 2963 et
1831 2939 1941 2966 mens

1044 2986 1104 3015 est
1139 2977 1274 3029 utique
1314 2978 1353 3017 ιιι
1383 2992 1424 3017 se
1453 2978 1552 3031 ipsa,
1584 2978 1770 3030 quoniam
1809 2980 1859 3018 ad
1898 2993 1939 3019 se

1044 3029 1169 3084 ipsam
1200 3045 1312 3071 mens
1337 3033 1504 3071 dicitur:
1550 3033 1730 3084 quamvis
1762 3046 1940 3079 noscenS,

1044 3085 1104 3123 vel
1124 3093 1230 3129 nota,
1243 3087 1304 3125 vel
1325 3087 1538 3133 noscibilis,
1557 3086 1608 3124 ad
1629 3099 1740 3125 suam
1763 3087 1939 3126 notitiam

1042 3139 1179 3178 relativ
1173 3154 1203 3178 e
1218 3140 1388 3179 dicatur‘
1382 3171 1391 3188 ‚
1406 3154 1542 3179 amans
1553 3154 1726 3192 quoque,
1739 3149 1778 3179 et
1793 3148 1939 3187 amata,

1044 3194 1102 3231 vel
1118 3194 1315 3239 amabilis,
1327 3195 1377 3232 ad
1398 3207 1570 3233 amorem
1586 3194 1786 3238 referatur,
1805 3208 1882 3246 quo
1898 3208 1941 3233 se

1047 3255 1170 3286 amat.
1229 3249 1278 3286 Et
1298 3249 1435 3287 notitia
1464 3248 1643 3299 quamvis
1670 3248 1858 3287 referatur
1888 3249 1939 3288 ad

1048 3308 1218 3339 mentem
1244 3309 1541 3353 cognoscentem
1563 3302 1623 3340 vel
1644 3302 1858 3352 cognitam,
1879 3309 1939 3341 ta·

1048 3367 1138 3394 men
1151 3364 1190 3394 et
1206 3355 1256 3393 ad
1274 3369 1315 3395 se
1333 3356 1456 3408 ipsam
1479 3362 1586 3402 nota,
1603 3362 1642 3394 et
1659 3368 1824 3394 noscens
1843 3355 1939 3395 dici-

1049 3415 1130 3447 tur:
1162 3421 1239 3447 non
1268 3410 1373 3448 enim
1393 3409 1466 3448 sibi
1483 3417 1541 3448 est
1562 3409 1761 3459 incognita
1786 3410 1941 3455 notitia,

1047 3475 1126 3512 qua
1154 3475 1196 3500 Se
1225 3475 1334 3502 mens
1360 3463 1446 3516 ipsa
1476 3463 1686 3516 cognoscit.
1734 3465 1787 3503 Et
1816 3477 1941 3510 amor,

1047 3515 1228 3568 quamvis
1246 3518 1432 3556 referatur
1458 3517 1509 3556 ad
1536 3525 1707 3556 mentem
1726 3526 1941 3564 amantem,

1046 3571 1158 3623 cujus
1179 3583 1287 3610 amor
1306 3578 1380 3616 est,
1393 3578 1525 3611 tamen
1545 3579 1585 3610 et
1603 3572 1662 3611 ad
1675 3584 1716 3611 se
1734 3573 1861 3625 ipsum
1882 3580 1942 3612 est

1048 3638 1170 3670 amor,
1197 3632 1241 3663 ιιι
1270 3625 1319 3664 ειι
1347 3625 1466 3665 etiam
1493 3625 1534 3664 ιιι
1562 3637 1604 3665 se
1627 3625 1737 3686 ipso.
1775 3626 1870 3679 quia
1901 3634 1942 3667 et

1050 3691 1157 3719 amor
1182 3687 1351 3727 amatur,
1371 3693 1443 3720 nec
1465 3680 1543 3720 alio
1564 3680 1637 3719 nisi
1658 3693 1789 3720 amore
1819 3682 1942 3721 amari

1046 1459 1119 1510 pit,
1154 1472 1225 1498 nec
1260 1460 1385 1499 minor
1419 1473 1491 1500 nec
1528 1462 1650 1513 major
1679 1468 1754 1501 est.
