2378 4134
431 145 532 194 114

424 276 716 330 dimittens·
744 278 931 332 omnia
967 287 1203 347 peecata
1237 285 1446 333 nostra.

907 144 962 199 S.
1003 144 1448 200 AUGUSTINI
1488 144 1847 199 EPISCOPI

1523 278 1635 340 Qui
1674 284 1858 332 autem
1887 277 2157 338 cothurno
2201 283 2316 350 tanf

218 378 325 419 Mat.
342 380 409 429 11,
426 381 592 433 quam
617 362 880 417 doctrinae
907 364 1242 417 sublimioris
1266 364 1395 418 elati
1419 382 1532 417 non
1550 363 1780 418 audiunt
1798 362 2091 429 dicentem,
2109 364 2322 433 Discite

424 468 461 503 a
487 469 575 504 me
601 453 737 522 quia
759 452 916 504 mitis
939 470 1061 504 sum
1097 459 1152 505 et
1185 454 1415 505 humilis
1449 452 1628 517 corde,
1654 459 1709 504 et
1746 453 2038 504 invenietis
2072 453 2315 522 requiem

216 537 340 580 Rom.
364 540 404 586 1,
418 538 714 591 animabus
737 541 956 591 vestris:
1002 538 1106 591 etsi
1129 545 1457 607 coquoscuut
1483 540 1689 604 Deum,
1708 557 1818 591 uon
1841 540 1987 591 sicut
2013 540 2317 592 Dominum
2365 558 2378 569 ··

412 630 738 697 ρίονῂῖσαηί
779 635 882 680 aut
920 630 1141 697 qratias
1172 635 1379 697 aquid,-
1439 628 1538 681 sed
1571 634 1900 681 evanescunt
1938 629 2000 679 iu
2034 629 2316 695 coyitatio-

416 716 581 769 uibus
605 717 738 781 δαῖε,
753 722 807 768 et
825 715 1152 768 obscuratur
1169 716 1440 783 insipiens
1457 733 1550 767 cor
1568 732 1756 768 eorum
1768 736 1788 773 ;
1833 714 1989 766 dicen
1997 720 2076 766 tes
2093 715 2240 766 enim
2260 731 2316 766 se

215 434 286 474 29.

212 593 371 636 21.22.

211 893 307 936 Ver.
328 895 400 937 23.

203 1207 273 1249 33.
294 1209 361 1250 34.

199 1382 270 1422 39.

200 1505 346 1599 {3-613b
342 1513 382 1601 e5t
404 1499 802 1551 manducantis
833 1499 1059 1566 fenum.

239 1574 269 1597 S.

417 822 529 857 esse
553 805 848 871 sapientae,
874 804 1205 871 stultifacti
1228 809 1377 854 sunt.

495 894 579 943 15.
619 891 697 943 Et
719 888 846 941 ideo
872 889 1128 956 legebam
1154 889 1234 941 ibi
1268 891 1629 942 immutatam
1668 888 1833 942 etiam
1861 890 2099 957 yloriam
2136 889 2314 939 incor-

413 979 691 1046 ruptionis
719 983 826 1028 tuae
863 977 925 1027 in
960 976 1112 1028 idola
1149 982 1205 1028 et
1240 978 1401 1028 varia
1434 978 1761 1042 simulacra,
1787 977 1848 1028 in
1885 975 2311 1028 similitudinem

410 1065 676 1133 imayinis
698 1062 1078 1129 corruptibilis
1103 1064 1361 1127 ItomiuiS,
1387 1070 1440 1115 et
1467 1065 1770 1128 volucrum,
1789 1070 1844 1115 et
1870 1062 2314 1132 quadrupedum,

205 1152 397 1201 Gen.25,
410 1157 466 1203 et
489 1157 806 1218 serpentum
818 1171 838 1208 ;
881 1149 1141 1202 videlicet
1164 1149 1493 1220 AEgyptium
1521 1144 1731 1202 cibum'
1759 1167 1869 1219 quo
1896 1151 2052 1202 Esau
2075 1146 2316 1218 perdidit

406 1237 774 1307 primogenita
811 1254 932 1289 sua:
991 1236 1253 1306 quoniam
1295 1244 1464 1307 caput
1501 1235 1874 1307 quadrupedis
1910 1254 2010 1306 pro
2049 1242 2102 1288 te
2138 1236 2310 1287 hono-

202 1325 301 1369 Act.
323 1328 363 1376 7,
406 1325 548 1377 ravit
580 1325 822 1394 populus
859 1324 1279 1393 primogenitus,
1306 1341 1595 1376 conversus
1629 1323 1790 1376 corde
1816 1325 1877 1375 in
1904 1325 2232 1392 AEyyptum‚
2257 1327 2312 1373 et

202 1449 277 1487 Ex.
299 1450 370 1497 32,
408 1430 639 1465 curvans
664 1411 962 1479 imaginem
990 1419 1157 1475 tuam,
1184 1411 1423 1463 animam
1452 1429 1606 1463 suam
1646 1416 1771 1464 ante
1810 1411 2109 1478 imayinem
2147 1409 2312 1460 vituli

1139 1498 1335 1550 Inveni
1385 1498 1506 1550 haec
1552 1498 1650 1562 ibi,
1696 1504 1751 1549 et
1798 1515 1910 1548 non
1962 1495 2307 1548 manducavi.

205 1615 269 1654 19.
290 1617 358 1656 20.
378 1586 622 1639 'Placuit
665 1586 812 1638 enim
846 1585 968 1650 tibi,
996 1585 1254 1643 Domine,
1286 1584 1494 1637 auferre
1534 1585 1893 1654 opprobrium
1933 1582 2314 1635 diminutionis

198 1682 325 1727 Rom.
346 1687 388 1735 9,
404 1675 472 1726 ab
518 1675 716 1737 Jacob,
759 1678 819 1724 ut
859 1673 1042 1742 major
1084 1674 1313 1724 serviret
1351 1674 1557 1724 minori
1568 1695 1587 1730 ;
1651 1678 1706 1724 et
1742 1671 1949 1724 vocasti
1996 1671 2206 1723 Gentes
2249 1669 2309 1721 in

401 1759 779 1813 haereditatem
821 1766 991 1812 tuam.
1069 1760 1147 1812 Et
1182 1777 1284 1827 ego
1325 1759 1395 1812 ad
1429 1766 1482 1811 te
1516 1777 1769 1811 veneram
1809 1777 1881 1810 ex
1922 1758 2219 1822 Gentibus,
2256 1762 2310 1808 et

401 1847 613 1901 intendi
661 1848 719 1900 in
772 1865 963 1900 aurum
1016 1846 1166 1917 quod
1219 1847 1288 1898 ab
1340 1847 1587 1915 AEgypto
1639 1844 1904 1897 voluistim
1954 1851 2016 1897 ut
2076 1844 2308 1897 auferret

196 1941 275 1980 Ex.
297 1941 337 1988 3,
400 1937 644 2006 populus
672 1942 815 2001 tuus,
835 1934 1096 2005 quoniam
1124 1939 1278 1986 tuum
1306 1939 1438 1998 erat,
1455 1933 1793 2003 ubicumque
1821 1938 1950 1985 erat.
2011 1932 2088 1983 Et
2114 1929 2306 1982 dixisti

201 1739 266 1780 13.

196 1998 282 2047 223
312 2004 352 2037 et

197 2053 321 2099 11,2.

459 2093 471 2124 1
489 2095 744 2136 Lenticulam
765 2094 991 2135 invenimus
1002 2093 1135 2133 cibum
1149 2106 1234 2134 esse
1248 2095 1328 2133 AE·

404 2151 647 2205 gyptiorum,
666 2163 758 2190 nam
782 2150 839 2190 ibi
860 2150 1039 2189 abundat
1060 2149 1101 2188 in
1120 2150 1323 2203 AEgypto;

404 2208 511 2246 unde
561 2206 842 2259 magnificatur
892 2205 1085 2245 lenticula.
1142 2205 1322 2244 Alexan-

404 2262 536 2308 drina,
568 2270 608 2301 et
637 2261 744 2301 venit
777 2274 902 2315 usque
934 2261 984 2301 ad
1014 2267 1140 2299 terras
1162 2268 1327 2306 nostras,

404 2317 520 2370 quasi
540 2317 603 2356 hic
625 2331 704 2357 non
733 2325 923 2357 nascatur
950 2316 1160 2356 lenticula.
1221 2316 1328 2368 Ergo

404 2373 514 2412 Esau
534 2372 798 2412 desiderando
819 2373 955 2412 cibum
970 2372 1226 2425 EEgyptium,
1239 2385 1327 2425 per-

405 2428 506 2467 didit
527 2428 760 2483 primatum.
820 2428 884 2467 Sic
915 2434 954 2467 et
986 2427 1161 2481 populus
1181 2426 1325 2467 Judae-

403 2497 517 2523 orum
552 2484 602 2524 de
636 2497 716 2535 quo
749 2483 901 2523 dictum
933 2491 1007 2529 est,
1031 2483 1212 2523 Conversi
1233 2493 1324 2523 sunt

402 2542 514 2579 corde
541 2541 584 2578 in
623 2540 849 2592 AEgyptum,
869 2538 1101 2579 lenticulam
1130 2539 1326 2591 quodam-

403 2595 524 2634 modo
545 2594 887 2640 desideraverunt,
901 2601 941 2634 et
961 2594 1174 2648 primatum
1200 2593 1326 2647 perdi-

402 2651 562 2690 derunt.
592 2650 702 2703 Aug.
724 2650 763 2689 in
787 2651 855 2690 ps,
879 2651 948 2689 46.
966 2663 1007 2689 n.
1029 2651 1068 2689 6.
1090 2649 1178 2701 [ed.
1201 2648 1326 2700 Ben.]

458 2710 491 2732 m
510 2705 705 2759 Quisquis
718 2707 847 2746 bonus
860 2718 1054 2758 verusque
1067 2703 1321 2745 Christianus

403 2769 477 2809 est,
491 2762 657 2800 Domini
679 2760 739 2800 sui
758 2759 1321 2813 esseintelligat,ubicumque

402 2816 615 2862 invenerit,
657 2816 879 2858 veritatem.
940 2816 1052 2868 Aug.
1087 2815 1138 2855 de
1176 2816 1322 2855 Doctr.

404 2871 557 2912 Christ.
581 2874 619 2911 l.
650 2871 691 2911 ii.
722 2885 757 2911 c.
793 2873 858 2911 18.
918 2869 1153 2924 Philosophi
1186 2877 1322 2910 autem

402 2926 471 2979 qui
500 2933 708 2971 vocantur,
739 2927 772 2965 si
802 2938 882 2979 qua
912 2925 1011 2965 forte
1042 2939 1136 2965 vera
1163 2932 1203 2965 et
1232 2924 1323 2965 fidei

401 2989 545 3021 nostrae
578 2982 880 3021 accommodata
909 2980 1110 3027 dixerunt,
1150 2980 1323 3020 maxime

406 3036 615 3082 Platonici,
654 3050 731 3075 non
772 3035 902 3075 solum
942 3035 1196 3075 formidanda
1242 3049 1323 3074 non

401 3100 509 3139 sunt,
531 3093 599 3132 sed
622 3092 673 3131 ab
694 3091 750 3131 eis
776 3091 895 3131 etiarn
928 3098 1133 3143 tamquam
1166 3090 1322 3144 injustis

400 3147 690 3200 possessoribus
708 3147 749 3186 in
773 3160 884 3186 usum
912 3154 1090 3186 nostrum
1118 3145 1323 3185 vindican-

401 3202 470 3242 da.
547 3202 662 3242 Sicut
704 3202 808 3242 enim
850 3201 1035 3255 AEgyptii
1075 3214 1155 3241 non
1194 3200 1322 3240 solum

400 3258 509 3298 idola
529 3257 735 3298 habebant
761 3265 802 3297 et
829 3270 952 3297 onera
976 3256 1115 3309 gravia
1134 3269 1226 3309 quae
1246 3269 1318 3310 po-

400 3314 520 3367 pulus
541 3314 670 3353 Israel
698 3313 959 3354 detestaretur
988 3319 1026 3352 et
1058 3313 1226 3364 fugeret,
1247 3311 1318 3351 sed

400 3369 522 3409 etiam
540 3382 637 3409 vasa
657 3375 777 3422 atque
809 3375 1045 3408 ornamenta
1073 3368 1124 3407 de
1152 3380 1249 3407 auro
1277 3373 1319 3407 et

402 3431 582 3475 argento,
614 3431 654 3464 et
693 3430 860 3471 vestem,
900 3437 991 3477 quae
1031 3422 1100 3463 ille
1143 3421 1318 3477 populus

401 3478 539 3520 exiens
556 3479 606 3519 de
629 3480 829 3532 AEgypto,
850 3479 924 3519 sibi
951 3478 1082 3532 potius
1111 3484 1318 3530 tamquam

402 3536 453 3575 ad
483 3549 599 3575 usum
629 3535 836 3575 meliorem
865 3533 1053 3574 clanculo
1079 3532 1317 3579 vindicavit,

401 3602 480 3629 non
521 3590 758 3631 auctoritate
790 3588 963 3644 propria,
1003 3588 1073 3629 sed
1112 3594 1317 3644 praecepto

402 3644 499 3690 Dei,
522 3645 616 3699 ipsis
647 3644 856 3699 AEgyptiis
887 3643 1112 3685 nescienter
1141 3656 1318 3684 commo-

399 3699 589 3740 dantibus
607 3713 671 3745 ea,
686 3699 834 3753 quibus
850 3713 930 3740 non
950 3700 1054 3741 bene
1076 3700 1316 3740 utebantur:

1386 2093 1444 2135 sic
1465 2092 1654 2133 doctrinae
1675 2106 1813 2132 omnes
1831 2091 2038 2144 gentilium
2067 2102 2146 2129 non
2175 2088 2303 2128 solum

1385 2148 1574 2188 simulata
1595 2155 1634 2188 et
1653 2147 1923 2202 superstitiosa
1943 2147 2131 2200 figmenta
2144 2156 2303 2196 graves-

1384 2218 1464 2257 que
1484 2203 1662 2244 sarcinas
1679 2203 1964 2258 supervacanei
1981 2200 2126 2241 laboris
2139 2200 2304 2248 habent,

1384 2273 1474 2312 quae
1503 2259 1776 2312 unusquisque
1806 2257 1998 2306 nostrum,
2020 2257 2121 2296 duce
2143 2254 2304 2296 Christo

1385 2315 1435 2356 de
1458 2315 1647 2357 societate
1667 2314 1876 2368 gentilium
1898 2312 2050 2359 exiens,
2065 2311 2187 2351 debet
2207 2310 2303 2349 abo-

1385 2372 1527 2410 minari
1563 2378 1682 2422 atque
1718 2370 1910 2416 devitare,
1946 2368 2016 2407 sed
2047 2367 2167 2408 etiam
2203 2365 2302 2406 libe·

1385 2427 1490 2467 rales
1523 2425 1754 2480 disciplinas
1782 2427 1868 2464 usui
1907 2423 2082 2464 veritatis
2115 2421 2300 2475 aptiores,

1381 2489 1421 2522 et
1450 2483 1636 2535 quaedam
1672 2494 1828 2520 morum
1858 2486 2058 2535 praecepta
2090 2477 2300 2518 utilissima

1382 2539 1604 2584 continent,
1625 2536 1755 2590 deque
1776 2536 1861 2590 ipso
1893 2548 1973 2575 uno
2008 2535 2098 2574 Deo
2130 2532 2301 2572 colendo

1384 2593 1578 2633 nonnulla
1593 2605 1687 2632 vera
1699 2591 1958 2632 inveniuntur
1975 2589 2081 2645 apud
2095 2601 2177 2634 eOS,
2192 2586 2301 2641 quod

1384 2662 1520 2689 eorum
1557 2654 1766 2701 tamquam
1803 2659 1944 2687 aurum
1986 2654 2025 2686 et
2072 2651 2298 2697 argentum,

1379 2704 1487 2758 quod
1508 2717 1589 2743 non
1611 2703 1686 2758 ipsi
1704 2702 1975 2750 instituerunt,
1991 2701 2058 2740 sed
2075 2700 2124 2739 de
2137 2698 2299 2752 quibus-

1379 2760 1472 2799 dam
1494 2758 1607 2813 quasi
1638 2757 1810 2798 metallis
1841 2757 1990 2797 divinae
2024 2753 2297 2810 providentiae.

1379 2828 1471 2867 quae
1499 2814 1647 2867 ubique
1679 2813 1810 2853 infusa
1837 2820 1908 2859 est,
1929 2817 2131 2856 eruerunt,
2149 2816 2188 2848 et
2219 2822 2299 2862 quo

1379 2882 1561 2924 perverse
1577 2876 1697 2922 atque
1716 2867 1902 2921 injuriose
1921 2867 1972 2906 ad
1990 2865 2182 2918 obsequia
2213 2865 2299 2903 dae-

1378 2937 1542 2964 monum
1562 2925 1797 2968 abutuntur,
1816 2935 1907 2962 curn
1928 2922 1978 2960 ab
1998 2933 2135 2961 eorum
2152 2918 2299 2960 misera

1378 2980 1566 3020 societate
1582 2992 1668 3018 sese
1688 2979 1824 3017 anima
1841 2984 2010 3030 separat,
2033 2976 2151 3015 debet
2169 2975 2220 3014 ab
2241 2975 2298 3016 eis

1379 3035 1530 3074 auferre
1551 3033 1803 3074 Christianus
1818 3032 1871 3072 ad
1893 3045 2004 3071 usum
2025 3032 2178 3086 justum
2196 3043 2298 3083 prae-

1377 3090 1537 3130 dicandi
1573 3088 1793 3142 Evangelii.
1816 3115 1826 3125 .
1851 3116 1860 3127 .
1884 3116 1895 3127 .
1920 3088 2025 3126 Nam
2058 3085 2154 3140 quid
2185 3084 2297 3125 aliud

1380 3144 1559 3186 fecerunt
1572 3144 1685 3183 multi
1702 3142 1797 3183 boni
1816 3142 1957 3183 fideles
1969 3145 2091 3182 nostri
2102 3143 2117 3180 ἲ
2148 3142 2295 3180 Nonne

1380 3199 1627 3255 adspicimus
1656 3205 1807 3253 quanto
1842 3211 1939 3238 auro
1973 3205 2012 3238 et
2052 3203 2216 3250 argento
2255 3201 2297 3235 et

1375 3267 1485 3296 veste
1523 3254 1808 3295 suffarcinatus
1845 3253 1985 3294 exierit
2024 3253 2073 3293 de
2113 3253 2294 3304 AEgypto

1378 3311 1605 3365 Cyprianus
1625 3310 1763 3350 doctor
1788 3308 2048 3349 suavissimus
2076 3314 2116 3348 et
2146 3312 2297 3359 martyr

1375 3366 1651 3406 beatissimus?
1680 3371 1831 3418 quanto
1852 3363 2114 3413 Lactantiu33
2144 3367 2296 3414 quanto

1374 3421 1619 3468 Victorinus,
1635 3422 1828 3475 Optatus,
1852 3419 2047 3464 Hilarius,
2065 3424 2108 3458 ut
2128 3418 2177 3457 de
2191 3416 2291 3456 vivis

1373 3483 1557 3528 taceam3
1602 3483 1752 3530 quanto
1779 3473 2089 3516 innumerabiles
2119 3470 2291 3513 Groeci'!

1375 3532 1498 3581 Quod
1518 3531 1625 3587 prior
1643 3531 1727 3586 ipse
1746 3530 1997 3572 fidelissimus
2016 3529 2095 3569 Dei
2116 3527 2292 3567 famulus

1374 3588 1531 3628 Mo'ises
1549 3587 1713 3635 fecerat,
1729 3588 1780 3627 de
1797 3599 1879 3641 quo
1891 3585 2082 3640 scriptum
2097 3589 2168 3628 est,
2183 3580 2299 3635 quod»

1375 3647 1403 3666 “
1421 3642 1600 3684 eruditus
1629 3643 1748 3683 suerit
1777 3639 1885 3683 omni
1904 3639 2102 3695 sapientia
2129 3639 2291 3691 AEgyp-

1375 3697 1566 3740 tiorum.’'
1598 3698 1662 3739 Ib.
1686 3711 1719 3738 c.
1745 3698 1812 3738 40.
