2378 4134
513 231 1119 287 CONFESSIONUM
1157 230 1398 285 LIBER
1432 227 1566 297 XII.
1861 231 1970 280 245

36 389 67 443 ,ς
113 366 278 420 verba
314 364 506 432 legunt
539 365 625 416 vel
668 339 913 426 audiunt,
951 373 1060 427 tua,
1099 363 1270 427 DeuS,
1308 367 1508 414 aeterna
1543 366 1598 412 et
1633 360 1813 414 stabili
1848 376 1968 430 per-
1983 361 2149 472 {militis

34 438 59 518 ζ,
113 451 389 503 mansione
427 455 622 502 cuncta
657 449 926 518 praeterita
963 455 1018 501 et
1053 448 1230 500 futura
1265 453 1511 516 tempora
1546 446 1817 514 superari3
1865 463 1967 499 nec
1986 482 2088 513 tura.

113 543 290 588 tamen
341 528 636 605 quidquam
687 551 804 585 esse
854 534 1165 603 temporalis
1214 539 1487 596 creaturae,
1537 531 1685 600 quod
1741 539 1799 584 tu
1856 550 1968 584 non

113 619 328 672 feceris:
388 617 542 688 cujus
585 619 833 684 voluntas
877 619 1006 688 quia
1053 619 1112 670 id
1161 626 1243 670 est
1292 616 1440 687 quod
1488 623 1564 680 tn,
1609 617 1757 667 nullo
1806 617 1969 670 modo

111 711 330 768 mutata,
369 705 470 767 vel,
510 722 630 773 quae
671 712 829 756 antea
866 722 975 755 non
1014 703 1218 767 fuisset,
1255 710 1443 754 exorta
1479 702 1751 753 voluntate
1792 702 1970 754 fecisti

111 790 315 842 omniat
355 808 464 841 non
491 789 557 842 de
583 798 636 842 te
662 790 1068 843 similitudinem
1091 798 1239 842 tuam
1264 789 1486 841 formam
1506 788 1764 851 omnium,
1781 788 1876 840 sed
1901 788 1968 840 de

111 876 281 928 nihilo
307 875 798 929 dissimilitudinem
833 876 1131 939 informem,
1159 894 1280 944 quae
1316 875 1629 926 formaretur
1661 891 1756 942 per
1781 874 1968 925 sir‘nili-

111 962 351 1014 tudinem
402 970 564 1026 tuam,
607 980 885 1015 recurrens
934 963 991 1013 in
1041 970 1093 1014 te
1138 979 1305 1012 unum
1355 978 1453 1029 pro
1498 968 1663 1028 captu
1706 953 1969 1024 ordinatO,

113 1056 368 1118 quantum
406 1047 602 1117 cuique
635 1066 809 1099 rerum
846 1048 902 1098 in
938 1065 1035 1098 suo
1071 1064 1262 1114 genere
1297 1045 1479 1098 datum
1514 1053 1625 1097 est:
1667 1043 1752 1098 et*
1783 1045 1972 1099 fierent

111 1135 291 1187 omnia
318 1136 463 1186 bona
488 1134 664 1197 valde,
690 1135 801 1186 sive
827 1142 1079 1186 maneant
1102 1133 1246 1185 circa
1273 1141 1340 1197 te,
1369 1133 1479 1184 sive
1509 1133 1771 1199 gradatim
1796 1152 1967 1186 remo·

111 1220 233 1271 tiori
277 1218 530 1271 distantia
578 1237 674 1287 per
716 1228 956 1289 tempora
1006 1226 1059 1270 et
1107 1220 1258 1270 locos
1309 1219 1564 1286 pulchras
1606 1219 1968 1272 variationes*

110 1305 309 1357 saciant
334 1313 425 1356 aut
447 1306 734 1373 patiantur.
779 1304 980 1356 Vident
1003 1304 1141 1369 haec,
1166 1312 1219 1354 et
1246 1303 1481 1371 gaudent
1506 1304 1558 1355 in
1588 1305 1708 1356 luce
1734 1305 1972 1357 verita-tis

108 1396 234 1452 tuae,
261 1390 578 1458 quantuhun
603 1390 693 1441 hic
721 1390 914 1441 valent..

181 1479 267 1526 39.
307 1477 382 1527 Et
426 1475 563 1527 alius
607 1494 788 1527 eorum
834 1474 1068 1526 intendit
1110 1476 1166 1526 in
1211 1474 1267 1525 id
1314 1475 1461 1544 quod
1506 1475 1711 1527 dictum
1755 1483 1853 1539 est,
1899 1478 1971 1529 In

100 1563 540 1629 pritecipiofecit
566 1563 732 1625 Deus,
760 1568 813 1612 et
838 1561 1058 1628 respicit
1085 1561 1415 1628 Sapientiam
1443 1562 1814 1627 Principium,
1842 1564 1972 1630 quia

109 1653 163 1697 et
187 1648 427 1714 loquitur
453 1648 569 1712 ipsa
598 1646 761 1697 nobi-3.
838 1646 991 1697 Alius
1023 1645 1210 1697 itidem
1239 1646 1472 1698 intendit
1495 1647 1548 1697 in
1578 1646 1766 1698 eadem
1793 1650 1974 1709 verba,

109 1739 165 1783 et
200 1732 525 1800 principium
566 1731 819 1795 intelligit
858 1730 1137 1782 exordium
1177 1749 1350 1781 rerum
1394 1732 1764 1795 conditarum,
1805 1740 1858 1784 et
1895 1734 1972 1784 sic

112 1817 330 1886 acc-ipit,
358 1819 398 1868 I
396 1836 427 1867 n
449 1818 904 1885 principiofecit,
922 1834 984 1868 ac
1014 1815 1058 1866 si
1086 1815 1364 1879 diceretur,
1386 1818 1566 1868 Primo
1593 1818 1735 1869 fecit.
1794 1820 1973 1887 Atque

109 1903 167 1954 in
193 1903 270 1954 eis
298 1902 391 1972 qui
424 1901 750 1968 intelligunt,
777 1902 849 1951 In
879 1902 1176 1967 principio,
1205 1901 1351 1970 quod
1387 1901 1444 1952 in
1485 1903 1765 1971 Sapientia
1797 1904 1973 1956 fecisti

111 1989 310 2040 coelum
334 1995 387 2039 et
411 1995 601 2039 terram
619 2007 632 2050 3
674 1987 810 2037 alius
844 2004 1025 2038 eorum
1062 1987 1241 2055 ipsum
1277 1989 1472 2039 coelum
1507 1996 1560 2040 et
1592 1998 1800 2055 terram,
1829 2009 1973 2044 crea-

107 2073 272 2125 bilem
307 2073 583 2124 materiam
615 2073 738 2124 coeli
773 2078 826 2123 et
858 2078 1007 2124 terrae
1042 2073 1118 2124 sic
1155 2091 1270 2124 esse
1307 2073 1476 2126 credit
1509 2076 1971 2141 cognominatam3

108 2158 247 2210 alius
276 2157 390 2226 jam
424 2158 675 2209 formatas
709 2156 1096 2226 distinctasque
1130 2165 1380 2222 naturas3
1421 2160 1557 2211 alius
1591 2179 1752 2212 unam
1784 2162 1973 2215 forma-

109 2251 236 2306 tam,
277 2242 626 2311 eamdemque
671 2242 1002 2311 spiritualem
1043 2244 1168 2295 coeli
1213 2245 1447 2309 nomine,
1490 2246 1648 2298 aliam
1692 2247 1975 2300 informem

109 2328 402 2397 corporalis
438 2329 692 2390 materiae,
719 2334 870 2379 terrae
907 2328 1142 2380 nomine.
1220 2329 1327 2388 Qui
1363 2338 1541 2381 autem
1576 2331 1886 2399 intelligunt
1918 2334 1973 2384 in

109 2413 418 2465 nominibus
457 2412 583 2465 coeli
622 2419 675 2463 et
713 2419 881 2474 terrae,
909 2412 1086 2465 adhuc
1124 2413 1405 2465 informem
1444 2417 1737 2481 materiem,
1766 2418 1831 2469 de
1867 2437 1976 2487 qua

110 2499 420 2551 formaretur
447 2499 643 2550 coelum
670 2504 723 2548 et
747 2505 900 2563 terra,
925 2517 1025 2549 nec
1060 2498 1166 2567 ipsi
1200 2518 1309 2551 uno
1342 2501 1502 2552 modo
1539 2502 1595 2553 id
1632 2503 1970 2571 intelligunt:

111 2584 206 2635 sed
230 2584 366 2635 alius
391 2582 533 2634 unde
561 2590 1015 2634 consummaretur
1039 2583 1394 2651 intelligibilis
1423 2587 1800 2658 sensibilisque
1830 2608 1973 2642 crea-

108 2677 257 2732 tura,
296 2669 432 2720 alius
472 2675 679 2719 tantum
720 2668 863 2719 unde
907 2669 1177 2720 sensibilis
1209 2671 1378 2722 moles
1410 2671 1516 2724 ista
1550 2691 1823 2741 corporea,
1852 2674 1973 2726 sinu

112 2754 299 2822 grandi
334 2754 614 2805 continens
653 2753 966 2822 perspicuas
1002 2762 1385 2825 promptasque
1421 2766 1654 2810 naturas,
1735 2762 1851 2812 Nec
1893 2762 1974 2811 illi

110 2857 218 2890 uno
250 2837 411 2889 modo
438 2838 532 2907 qui
561 2838 676 2908 jam
713 2838 1002 2908 dispositas
1037 2839 1383 2910 digestasque
1412 2856 1677 2895 creaturas
1704 2847 1892 2901 coelum
1922 2854 1976 2897 et

111 2930 312 2975 terram
340 2923 520 2975 vocari
554 2924 658 2975 hoc
692 2925 813 2977 loco
850 2924 1104 2988 credunt3
1145 2926 1239 2976 sed
1274 2926 1411 2978 alius
1448 2928 1775 2981 invisibilem
1813 2938 1974 3000 atque

110 3009 406 3060 visibilem:
453 3009 589 3060 alius
631 3010 799 3061 solam
839 3010 1107 3062 visibilem
1152 3012 1209 3062 in
1253 3030 1361 3080 qua
1402 3014 1730 3066 luminosum
1774 3018 1972 3068 coelum

112 3093 454 3163 suspicimus,
481 3100 533 3145 et
557 3100 747 3145 terram
773 3095 1144 3161 caliginosam,
1173 3115 1400 3166 quaeque
1427 3098 1484 3148 in
1510 3100 1587 3150 eis
1616 3107 1753 3151 sunt.

185 3183 268 3229 40.
309 3180 381 3230 At
405 3179 494 3230 ille
522 3180 614 3247 qui
638 3198 748 3231 non
785 3181 936 3232 aliter
969 3181 1186 3249 accipit,
1215 3183 1286 3232 In
1320 3184 1597 3247 principio
1616 3185 1783 3249 fecit,
1811 3201 1972 3251 quam
1996 3207 2158 3247 XXIX.

111 3263 157 3314 si
182 3263 459 3326 diceretur,
485 3265 518 3290 ‘⁶
545 3264 726 3315 Primo
752 3265 879 3316 fecit
898 3266 940 3327 ;''
986 3283 1095 3315 non
1120 3266 1285 3317 habet
1311 3267 1580 3333 quomodo
1608 3269 1864 3319 veraciter
1889 3270 1970 3319 in·
1988 3262 2096 3307 ΨΜ

1985 3316 2112 3354 modis

112 3348 318 3414 telligat
354 3350 550 3401 eoelum
588 3357 643 3402 et
679 3358 889 3414 terram,
915 3350 1022 3401 nisi
1059 3351 1334 3401 materiem
1374 3350 1499 3402 coeli
1535 3357 1587 3401 et
1623 3359 1775 3402 terrae
1814 3353 1947 3404 intel
1985 3370 2127 3409 ‹incitur

110 3432 260 3498 ligat,
299 3433 550 3485 videlicet
595 3435 875 3497 universae,
902 3434 977 3485 ‚id
1029 3442 1111 3485 est
1159 3435 1518 3500 intelligibilis
1570 3438 1969 3506 corporalisque
1986 3424 2137 3485 aliquid

113 3517 417 3570 creaturae*.
495 3520 554 3572 Si
594 3522 735 3573 enim
770 3521 885 3590 jam
917 3521 1194 3572 formatam
1221 3522 1350 3572 velit
1384 3522 1705 3587 universam,
1731 3532 1873 3575 recte
1900 3527 1967 3576 ab

114 3619 177 3654 eo
228 3603 393 3671 quaeri
444 3604 655 3672 poterit,
698 3605 731 3631 “
760 3605 818 3657 Si
862 3605 967 3657 hoc
1009 3605 1179 3674 primo
1230 3604 1358 3656 fecit
1402 3606 1570 3670 Deus,
1612 3607 1743 3676 quid
1785 3609 1969 3661 fecerit

115 3685 370 3755 deinceps
389 3688 435 3738 :’'
486 3695 539 3740 et
574 3695 699 3756 post
738 3689 1134 3741 universitatem
1173 3707 1283 3741 non
1322 3691 1590 3755 inveniet3
1637 3711 1698 3745 ac
1734 3711 1829 3762 per
1862 3695 1965 3747 hoc

1984 3492 2105 3532 prius.
