2378 4134
521 220 1124 281 CONFESSIONUM
1163 217 1403 272 LIBER
1440 215 1509 268 X.
1840 215 1942 264 179

90 356 252 428 hujus
275 354 509 407 nominis
529 351 860 420 significaret
883 369 1063 404 sonus.
1103 351 1223 403 Nec
1249 353 1568 415 &egrotantes
1594 349 1947 412 agnoscerent

93 443 262 496 salute
287 439 562 492 nominata
587 437 720 508 quid
746 443 889 490 esset
913 437 1148 500 dictum3
1187 434 1294 487 nisi
1320 433 1508 487 eadem
1541 431 1722 497 imago
1748 429 1802 480 vi
1834 446 1944 480 me-

93 526 272 580 moriae
299 531 579 588 teneretur,
595 522 841 593 quamvis
866 522 987 592 ipsa
1010 541 1094 575 res
1117 523 1332 574 abesset
1356 537 1389 571 a
1413 533 1651 586 corpore.
1706 513 1946 566 Nomino

92 629 340 665 numeros
367 609 566 680 quibus
601 626 959 672 numeramus,
985 626 1052 660 en
1086 606 1283 660 adsunt
1313 605 1371 657 in
1404 601 1662 656 memoria
1693 617 1814 651 mea
1837 616 1948 650 non

94 696 353 763 imagines
391 713 592 758 eorum,
628 693 723 746 sed
760 693 883 762 ipsi.
960 692 1198 744 Nomino
1236 690 1526 756 imaginem
1564 686 1712 749 soliS,
1740 690 1796 736 et
1829 683 1949 735 haec

95 781 246 835 adest
278 781 336 832 in
367 779 624 832 memoria
655 797 807 830 mea:
846 797 1022 848 neque
1049 777 1192 829 enim
1217 776 1512 842 imaginem
1537 770 1790 839 imaginis
1815 769 1949 840 ejuS‚

95 866 190 919 sed
212 865 388 934 ipsam
413 866 593 918 recolo
607 884 620 927 ;
650 863 773 932 ipsa
796 862 932 914 mihi
956 861 1321 914 reminiscenti
1347 866 1544 929 praesto
1571 863 1670 909 est.
1710 854 1949 907 Nomino

94 951 417 1014 memoriam,
443 958 498 1002 et
523 967 759 1016 agnosco
787 947 934 1018 quod
958 947 1197 999 nomino,
1262 947 1338 998 Et
1362 944 1457 998 ubi
1484 959 1739 1010 agnosce,
1763 939 1870 991 nisi
1895 939 1952 990 in

96 1040 212 1107 ipsa
236 1036 524 1089 memoria?
569 1039 716 1088 Num
743 1044 797 1088 et
820 1036 942 1105 ipsa
966 1053 1061 1104 per
1078 1033 1370 1100 imaginem
1397 1049 1549 1083 suam
1576 1028 1680 1081 sibi
1701 1027 1871 1092 adest,
1889 1043 1950 1078 ac

96 1137 203 1172 non
227 1137 324 1188 per
349 1118 618 1187 seipsam?

166 1208 251 1255 24.
293 1203 458 1267 Quid,
485 1222 608 1257 cum
647 1203 975 1255 oblivionem
1013 1201 1251 1263 nominO,
1288 1207 1449 1269 atque
1488 1198 1677 1250 itidem
1716 1213 1954 1264 agnosco
2004 1220 2125 1259 XVI.

97 1287 241 1358 quod
288 1286 545 1339 nomino?
604 1288 747 1340 unde
793 1304 1140 1355 agnoscerem
1180 1286 1286 1336 nisi
1331 1282 1731 1336 meminissem?
1825 1282 1953 1333 Non
1969 1275 2139 1369 figgssli·

96 1372 340 1426 eumdem
368 1391 558 1424 sonum
583 1373 819 1425 nominis
844 1372 985 1435 dico,
1007 1371 1102 1423 sed
1127 1389 1237 1422 rem
1266 1389 1428 1440 quam
1456 1369 1755 1436 significat;
1791 1385 1954 1436 quam
1969 1383 2155 1424 memoria

99 1458 144 1510 si
180 1457 380 1509 oblitus
419 1476 623 1521 esscm3
674 1457 807 1526 quid
849 1457 940 1509 ille
978 1458 1178 1508 valeret
1216 1474 1398 1518 sonUS,
1437 1470 1729 1522 agnoscere
1766 1453 1955 1521 utique
1968 1447 2042 1479 est.

98 1563 206 1597 non
232 1545 474 1595 valerem.
542 1545 692 1610 Ergo
722 1562 843 1596 cum
870 1544 1181 1596 memoriam
1206 1543 1444 1606 memini,
1470 1560 1567 1611 per
1591 1542 1825 1610 seipsam
1852 1540 1956 1590 sibi

100 1635 292 1698 praesto
332 1636 415 1681 est
450 1629 571 1697 ipsa
606 1630 890 1681 memoria:
941 1647 1064 1681 cum
1104 1646 1228 1680 vero
1266 1627 1486 1678 memini
1526 1626 1871 1688 oblivionem,
1907 1632 1960 1675 et

99 1714 354 1766 memoria
402 1722 599 1783 praesto
645 1721 727 1766 est
771 1721 824 1765 et
866 1713 1100 1775 oblivio,
1153 1712 1411 1765 memoria
1454 1730 1562 1781 qua
1607 1708 1957 1771 meminerim,

99 1798 298 1851 oblivio
326 1817 488 1868 quam
517 1800 863 1851 meminerim.
941 1798 1050 1852 Sed
1077 1798 1210 1868 quid
1234 1805 1316 1850 est
1341 1797 1559 1861 oblivio,
1584 1796 1692 1848 nisi
1729 1795 1958 1864 privatio

100 1883 406 1935 memoriae?
486 1884 774 1943 Quomodo
802 1903 927 1951 ergo
954 1885 1107 1936 adest
1131 1890 1192 1935 ut
1216 1902 1333 1934 eam
1363 1882 1713 1945 meminerim,
1743 1879 1959 1950 quando

102 1987 223 2020 cum
261 1969 416 2020 adest
449 1970 758 2021 meminisse
791 1988 903 2021 non
934 1968 1192 2039 possum?
1272 1971 1344 2019 At
1369 1968 1411 2018 si
1442 1968 1588 2037 quod
1619 1966 1961 2018 meminimus

102 2055 358 2107 memoria
399 2056 722 2120 retinemus3
772 2058 1098 2109 oblivionem
1143 2062 1320 2108 autem
1363 2056 1469 2106 nisi
1513 2054 1961 2114 meminissemus,

103 2158 442 2210 nequaquam
470 2160 753 2210 possemus
781 2142 963 2195 audito
990 2143 1094 2194 isto
1120 2142 1356 2203 nomine,
1383 2158 1494 2192 rem
1524 2159 1644 2210 quae
1672 2140 1764 2191 illo
1794 2137 1959 2206 signi-

104 2225 294 2278 ficatur
317 2243 636 2293 agnoscere3
676 2228 933 2280 memoria
966 2228 1222 2279 retinetur
1247 2226 1465 2278 oblivio.
1542 2225 1714 2277 Adest
1740 2243 1867 2291 ergo
1893 2242 1962 2275 ne

107 2310 503 2377 obliviscamur,
532 2331 652 2382 quae
680 2331 802 2364 cum
829 2313 982 2365 adest
1007 2312 1389 2364 obliviscimur.
1466 2313 1551 2363 An
1578 2330 1649 2362 ex
1674 2311 1780 2362 hoc
1808 2311 1963 2361 intel-

103 2397 290 2464 ligitur
314 2417 423 2450 non
450 2418 546 2468 per
573 2401 805 2469 seipsam
831 2402 1007 2453 inesse
1026 2400 1297 2452 memoriae
1317 2417 1440 2450 cum
1460 2417 1577 2450 eam
1604 2398 1963 2461 meminimuS,

106 2482 201 2533 sed
238 2501 334 2550 per
370 2484 661 2551 imaginem
701 2485 888 2537 suam?
933 2486 1060 2554 quia
1099 2486 1143 2536 si
1182 2502 1277 2553 per
1315 2484 1547 2553 seipsam
1585 2490 1782 2551 praesto
1822 2492 1963 2534 esset

106 2568 326 2632 oblivio,
350 2587 459 2619 non
485 2577 546 2620 ut
574 2571 1019 2634 meminissemuS,
1047 2571 1141 2622 sed
1165 2578 1227 2622 ut
1251 2570 1686 2621 oblivisceremur
1711 2570 1960 2620 efficeret.

106 2652 183 2703 Et
212 2652 317 2704 hoc
346 2653 467 2722 quis
493 2654 711 2706 tandem
734 2654 1051 2722 indagabit?
1095 2654 1216 2724 quis
1243 2654 1665 2723 comprehendet
1691 2654 1961 2724 quomodo

107 2736 211 2789 sit?

180 2827 266 2873 25.
305 2823 428 2889 Ego
467 2831 627 2889 certe,
659 2826 910 2892 Domine,
946 2828 1131 2879 laboro
1170 2827 1279 2890 hic,
1314 2835 1368 2878 et
1403 2827 1590 2877 laboro
1629 2826 1685 2876 in
1723 2827 2145 2896 meipsotssffi&

109 2906 280 2959 sactus
315 2926 432 2960 sum
466 2910 601 2960 mihi
636 2918 773 2963 terra
807 2911 1156 2976 difficultatis,
1183 2920 1236 2963 et
1275 2911 1484 2963 sudoris
1520 2911 1690 2963 nimii.
1769 2913 1963 2981 Neque
1981 2909 2016 2947 7.

111 2995 252 3046 enim
301 3015 444 3048 nunc
497 3005 794 3050 scrutamur
842 3000 1030 3067 plagas
1081 3000 1224 3063 coeli,
1269 3007 1361 3052 aut
1404 2998 1635 3050 siderum
1686 2999 1965 3051 intervalla

112 3079 466 3145 dimetimur',
500 3084 585 3134 vel
629 3091 779 3136 terrae
823 3086 1143 3138 libramenta
1186 3086 1502 3154 quaerimus:
1558 3103 1659 3152 ego
1705 3103 1821 3136 sum
1870 3085 1962 3153 qui

111 3165 348 3229 memini,
388 3185 490 3232 ego
535 3167 761 3219 animus.
847 3169 975 3219 Non
1017 3169 1095 3221 ita
1136 3170 1347 3234 mirum,
1390 3170 1436 3220 si
1479 3187 1511 3221 a
1553 3187 1639 3220 me
1682 3170 1843 3235 longe
1885 3176 1965 3220 est

113 3249 378 3319 quidquid
420 3270 520 3318 ego
564 3270 674 3304 non
717 3271 850 3304 sum.
941 3253 1087 3313 Quid
1131 3261 1310 3306 autem
1352 3253 1714 3322 propinquius
1755 3255 1962 3323 meipso

113 3333 280 3386 mihi?
357 3337 434 3387 Et
457 3354 582 3389 ecce
607 3338 874 3388 memoriae
901 3355 1032 3389 meae
1061 3338 1142 3389 vis
1166 3357 1277 3389 non
1305 3338 1779 3406 comprehenditur
1803 3358 1835 3390 a
1859 3357 1962 3402 me,

114 3435 238 3469 cum
261 3419 441 3486 ipsum
464 3439 550 3472 me
574 3440 685 3473 non
712 3422 889 3474 dicam
914 3429 1107 3490 praeter
1129 3422 1293 3474 illam.
1371 3422 1517 3482 Quid
1551 3423 1692 3473 enim
1724 3423 1964 3475 dicturus

114 3519 234 3554 sum
261 3503 475 3571 quando
501 3505 634 3556 mihi
661 3513 862 3558 certum
889 3512 971 3557 est
995 3506 1300 3558 meminisse
1327 3525 1411 3558 me
1437 3508 1798 3560 oblivionem?
1877 3511 1963 3560 An

117 3586 356 3639 dicturus
399 3607 517 3639 sum
561 3607 669 3641 non
709 3608 826 3643 esse
863 3591 920 3641 in
958 3591 1214 3642 memoria
1251 3610 1372 3643 mea
1410 3592 1557 3661 quod
1594 3593 1847 3645 memini?
1895 3613 1963 3646 an

116 3669 357 3725 dicturus
392 3692 507 3726 sum
542 3673 611 3726 ad
649 3674 752 3727 hoc
787 3676 962 3728 inesse
993 3676 1318 3728 oblivionem
1358 3677 1414 3728 in
1453 3679 1708 3730 memoria
1744 3697 1880 3744 mea,
1907 3689 1966 3731 ut

990 3775 1025 3810 N
1053 3765 1084 3810 2
