2378 4134
379 258 451 307 60
867 252 924 309 S.
953 255 1396 310 AUGUSTINI
1434 255 1791 311 EPISCOPI

380 389 515 442 dum
540 387 851 445 revertebar
888 388 958 443 ad
995 395 1077 455 te3
1117 395 1173 443 et
1203 388 1535 443 ambulando
1569 391 1918 444 ambulabam
1948 390 2009 443 in
2047 409 2113 445 ea
2149 410 2272 464 quae

379 493 493 528 non
518 481 664 542 sunt,
688 494 868 547 neque
891 475 952 528 in
976 482 1049 543 te,
1073 494 1254 547 neque
1278 476 1338 528 in
1362 494 1469 544 me,
1494 495 1675 548 neque
1710 477 1771 529 in
1804 495 2055 548 corpore3
2095 497 2274 549 neque

381 563 520 616 mihi
544 564 869 617 creabantur
892 581 925 616 a
948 563 1174 616 veritate
1198 569 1310 628 tua,
1337 562 1435 616 sed
1461 581 1494 616 a
1517 582 1642 617 mea
1664 563 1903 617 vanitate
1928 563 2277 633 fingebantur

382 668 455 703 ex
481 667 735 720 corpore:
777 656 833 702 et
865 649 1117 702 dicebam
1147 649 1389 720 parvulis
1423 648 1682 703 fidelibus
1717 650 1844 716 tuis,
1872 650 2086 704 civibus
2121 651 2275 719 meiS,

382 758 415 793 a
440 738 642 810 quibus
675 739 928 792 nesciens
963 740 1303 804 exsulabam,
1331 738 1581 791 dicebam
1614 739 1725 792 illis
1759 740 2003 808 garrulus
2036 747 2091 793 et
2119 741 2275 812 inep-

381 834 487 892 tuS,
511 826 624 880 Cur
649 844 778 893 ergo
805 833 945 878 errat
970 825 1153 878 anima
1179 844 1343 895 quam
1371 825 1502 878 fecit
1525 824 1715 878 Deus?
1771 828 1850 879 Et
1865 826 2003 878 mihi
2023 828 2276 882 nolebam

382 913 511 979 dici,
550 915 663 968 Cur
699 932 827 982 ergo
866 922 1006 967 errat
1039 913 1226 967 Deus?
1303 916 1383 967 Et
1418 914 1817 968 contendebam
1854 915 2032 984 magis
2069 916 2275 970 incom-

382 1001 702 1054 mutabilem
740 1007 891 1053 tuam
937 1000 1298 1053 substantiam
1351 1009 1597 1054 coactam
1649 1019 1839 1068 errare,
1885 1021 2049 1072 quam
2099 1022 2278 1057 meam

381 1089 699 1140 mutabilem
728 1094 922 1158 sponte
949 1087 1214 1151 deviasse,
1242 1094 1297 1139 et
1321 1106 1489 1157 poena
1515 1106 1688 1141 errare
1715 1085 2099 1142 confitebar*.'¹

458 1179 547 1228 27.
587 1177 666 1228 Et
690 1193 834 1227 eram
862 1180 1020 1227 aetate
1047 1192 1312 1227 annorum
1338 1174 1564 1228 fortasse
1583 1175 1777 1244 viginti
1804 1194 1904 1228 sex
1931 1183 2025 1228 aut
2050 1183 2279 1247 septem,

383 1282 510 1317 cum
550 1264 648 1317 illa
687 1264 968 1317 volumina
1008 1263 1222 1334 scripsi,
1257 1264 1480 1317 volvens
1517 1264 1666 1334 apud
1709 1283 1796 1317 me
1836 1266 2139 1335 corporalia
2176 1265 2278 1333 fig-

382 1358 586 1417 menta,
627 1353 1000 1422 obstrepentia
1043 1352 1223 1405 cordis
1266 1354 1374 1405 mei
1419 1354 1667 1419 auribus3
1728 1373 1866 1425 quas
1909 1354 2279 1421 intendebam,

384 1439 563 1492 dulcis
610 1440 825 1505 veritaS,
875 1439 934 1491 in
984 1439 1295 1491 interiorem
1345 1440 1639 1493 melodiam
1690 1448 1860 1508 tuam,
1911 1442 2161 1510 cogitans
2212 1440 2280 1494 de

386 1528 419 1555 “
438 1527 671 1598 pulchro
693 1534 747 1580 et
767 1528 946 1598 apt0,”
963 1534 1017 1580 et
1041 1535 1190 1580 stare
1210 1527 1438 1597 cupiens
1456 1535 1511 1580 et
1529 1529 1730 1582 audire
1748 1536 1820 1594 te,
1840 1536 1894 1582 et
1913 1530 2120 1597 qaudz'o
2140 1547 2279 1598 qau-

385 1615 514 1667 dere
559 1623 789 1683 propter
835 1634 1013 1668 vocem
1052 1616 1254 1683 sponsi,
1299 1622 1353 1668 et
1400 1634 1513 1667 non
1551 1623 1822 1685 poteram:
1884 1617 2015 1687 quia
2051 1617 2281 1670 vocibus

387 1701 580 1755 erroris
614 1702 722 1754 mei
757 1702 1010 1772 rapiebar
1043 1701 1206 1767 foraS,
1234 1709 1287 1754 et
1319 1702 1562 1771 pondere
1601 1703 1869 1772 superbiae
1904 1722 2040 1756 meae
2077 1704 2135 1755 in
2170 1703 2282 1756 ima

385 1789 723 1842 decidebam.
805 1791 935 1842 Non
961 1790 1107 1842 enim
1134 1789 1306 1842 dabas
1336 1790 1566 1842 auditui
1598 1808 1715 1842 meo
1743 1791 2016 1858 qaudium
2051 1798 2106 1843 et
2143 1793 2281 1843 loeti-

385 1880 544 1944 tiam,
570 1885 665 1931 aut
690 1878 1048 1931 exv-saltabant
1072 1897 1189 1931 ossa
1215 1897 1357 1943 mea,
1386 1897 1508 1949 quae
1536 1881 1838 1931 humilia-ta
1863 1897 1975 1931 non
2003 1885 2169 1931 erant.

209 1972 334 2013 XVI·
458 1970 545 2019 28.
587 1968 665 2020 Et
689 1966 825 2038 quid
850 1967 985 2018 mihi
1023 1966 1279 2036 proderat
1305 1966 1455 2036 quod
1482 1984 1655 2019 annos
1680 1973 1842 2019 natus
1867 1966 2030 2019 ferme
2065 1965 2281 2034 viginti,

179 2027 369 2122 ἓζζῗῇζ,
383 2071 509 2105 011111
559 2053 617 2105 in
667 2073 863 2106 manus
911 2072 1063 2106 meas
1111 2054 1390 2106 venissent
1438 2053 1786 2107 Aristotelica
1825 2053 2096 2124 quaedam,
2143 2072 2281 2124 quas

180 2138 368 2234 {333³th
385 2143 669 2212 appellant
699 2141 890 2194 decem
919 2141 1254 2209 CategoriaS,
1285 2138 1532 2211 (quarum
1566 2141 1805 2205 nomine,
1833 2159 1957 2192 cum
1984 2159 2075 2193 eas
2099 2141 2281 2193 rhetor

177 2248 276 2288 lium
306 2263 368 2289 ar·
387 2231 839 2300 Carthaginensis
863 2231 1123 2299 magister
1147 2248 1301 2282 meus
1326 2229 1520 2283 buccis
1555 2229 1727 2299 typho
1754 2229 2105 2299 crepantibus
2132 2247 2279 2282 com-

177 2304 356 2414 ξξοῐξὲὲΐ
384 2324 723 2383 memoraret,
758 2324 812 2370 et
852 2318 945 2370 alii
986 2317 1081 2387 qui
1120 2316 1270 2370 docti
1304 2316 1665 2380 habebantur,
1704 2323 1966 2386 tanquam
2001 2317 2059 2367 in
2093 2314 2280 2368 nescio

176 2428 219 2456 se
239 2415 358 2479 {ntel-
384 2405 519 2476 quid
543 2424 803 2474 magnum
830 2412 884 2458 et
915 2404 1161 2456 divinum
1198 2422 1499 2474 suspensus
1529 2403 1847 2471 inhiabam,)
1875 2403 1986 2471 legi
2014 2422 2105 2456 eas
2133 2404 2280 2455 solus

176 2470 289 2513 ¹²¹¹*
382 2498 437 2544 et
460 2491 749 2545 intellexi?
818 2492 968 2552 Quas
1004 2510 1131 2545 cum
1170 2491 1524 2544 contulissem
1557 2509 1682 2543 cum
1709 2490 1788 2542 eis
1817 2489 1912 2560 qui
1940 2507 1997 2542 se
2025 2489 2282 2543 dicebant

381 2579 477 2631 vix
508 2598 619 2644 eaS,
645 2579 920 2647 magistris
956 2578 1355 2644 eruditissimiS,
1388 2596 1500 2630 non
1536 2577 1890 2648 loquentibus
1921 2584 2148 2641 tantum,
2185 2575 2281 2629 sed

380 2670 552 2721 multa
585 2667 643 2719 in
677 2668 901 2737 pulvere
941 2666 1388 2737 depingentibUS,
1414 2665 1773 2731 intellexisse,
1797 2665 1939 2716 nihil
1971 2663 2100 2716 inde
2131 2662 2281 2717 aliud

379 2757 517 2809 mihi
550 2756 730 2810 dicere
763 2762 1076 2826 potuerunt,
1105 2773 1270 2825 quam
1294 2772 1396 2822 ego
1424 2755 1574 2807 solus
1608 2753 1758 2824 apud
1790 2754 2062 2823 meipsum
2091 2754 2281 2821 legens

381 2862 761 2912 cognoveram.
837 2845 915 2896 Et
953 2843 1085 2895 satis
1124 2849 1307 2911 aperte
1346 2842 1484 2893 mihi
1522 2841 1849 2893 videbantur
1884 2842 2172 2911 loquentes
2212 2839 2280 2892 de

383 2930 719 2994 substantiiS,
748 2930 909 2983 sicuti
949 2936 1033 2982 est
1066 2929 1266 2992 hom03
1308 2935 1363 2980 et
1395 2946 1519 2999 quae
1553 2928 1612 2979 in
1645 2928 1755 2979 illis
1786 2934 1984 2992 essent,
2011 2928 2172 2980 sicuti
2199 2935 2282 2981 est

180 1544 278 1584 Joh.
298 1545 339 1592 3,

179 1601 247 1640 29.

181 1799 253 1838 Ps.
273 1800 341 1847 50,

183 1855 246 1894 10.

440 3089 460 3120 h
494 3089 578 3128 Fel.
608 3089 693 3129 Aut
721 3088 841 3133 facta,
861 3095 931 3128 aut
957 3088 1090 3134 missa,
1113 3094 1182 3128 aut
1211 3088 1304 3128 data
1361 3086 1400 3127 id
1422 3093 1494 3135 est,
1507 3093 1552 3127 ut
1570 3087 1848 3127 institueretur.
1878 3086 1988 3141 Aug.
2003 3087 2113 3127 Actt.
2135 3100 2172 3127 c.
2190 3085 2280 3127 Fel.

383 3158 433 3185 ex
454 3145 546 3185 Deo
573 3152 631 3185 est
651 3144 846 3197 [animeq.
869 3145 975 3196 Ergo
995 3143 1027 3183 si
1046 3157 1097 3184 ex
1121 3144 1213 3183 Deo
1230 3150 1302 3192 est,
1362 3142 1548 3182 Manich.
1566 3142 1606 3182 ii.
1624 3144 1690 3183 18.
1749 3142 1963 3183 Carnalem
1986 3141 2278 3196 concupiscen-

384 3210 424 3240 et
444 3200 600 3255 polluta
618 3207 690 3248 est,
710 3207 751 3240 et
771 3199 877 3240 venit
892 3199 1074 3240 Christus
1092 3212 1181 3240 eam
1202 3198 1301 3239 libe·
1359 3197 1468 3245 tiam,
1491 3211 1573 3252 qua
1593 3211 1685 3238 caro
1710 3197 1956 3251 concupiscit
1983 3197 2169 3238 adversus
2197 3196 2279 3251 spi-

385 3269 472 3295 rare
502 3255 552 3295 de
582 3255 816 3310 pollutione,
842 3267 966 3309 quare
995 3254 1136 3309 culpas
1165 3254 1301 3293 Mani«

385 3311 576 3351 chaeum'!
607 3311 717 3364 Aug.
776 3311 863 3364 Ego
892 3309 984 3350 dico
1017 3311 1194 3350 animam
1225 3322 1306 3349 11011

385 3373 570 3406 naturam
610 3367 704 3411 Dei,
739 3367 809 3406 sed
844 3365 992 3405 factam
1028 3378 1054 3405 a
1094 3366 1200 3412 Deo,
1236 3378 1306 3418 per

384 3421 555 3462 liberum
586 3422 791 3463 arbitrium
826 3433 1027 3476 peccasse,
1062 3428 1103 3461 et
1137 3426 1304 3475 peceato

385 3490 470 3518 esse
499 3477 713 3531 pollutam,
733 3483 774 3517 et
799 3490 871 3532 per
891 3475 974 3516 Dei
994 3475 1301 3517 misericordiam

386 3531 429 3571 in
450 3532 686 3587 poenitentia
702 3532 909 3573 liberatam
925 3548 934 3572 :
965 3538 1010 3571 tu
1028 3538 1163 3572 autem
1177 3530 1304 3585 ipsam

386 3595 572 3628 naturam
595 3588 691 3635 Dei,
712 3589 820 3642 quod
851 3588 965 3628 Deus
993 3594 1066 3636 est,
1090 3587 1224 3627 Deum
1254 3586 1305 3626 de

389 3642 480 3683 Deo
509 3642 609 3684 dicis
636 3643 679 3683 in
712 3649 829 3697 gente
857 3642 1110 3683 tenebrarum
1141 3647 1302 3696 captum

387 3703 507 3751 atque
526 3698 747 3752 pollutum:
779 3704 820 3739 et
837 3698 1010 3738 multum
1027 3698 1187 3738 interest
1202 3697 1306 3737 inter

388 3751 430 3791 id
448 3754 555 3806 quod
575 3753 624 3793 de
643 3767 685 3794 se
704 3754 820 3794 Deus
837 3753 987 3808 genuit,
1008 3759 1049 3793 et
1075 3753 1183 3808 quod
1210 3751 1304 3793 fecit

389 3819 472 3847 non
505 3807 556 3848 de
589 3821 648 3852 se.
679 3810 750 3850 sed
777 3822 829 3850 ex
864 3808 1004 3858 nihilo,
1035 3807 1074 3848 id
1104 3813 1177 3858 est,
1209 3820 1304 3848 cum

388 3861 551 3903 omnino
569 3876 651 3904 non
668 3870 784 3913 esset,
802 3876 827 3904 a
838 3863 933 3906 Deo
950 3863 1107 3918 accepit
1127 3870 1171 3904 ut
1188 3868 1303 3911 esset,

1357 3253 1492 3301 ritum,
1523 3266 1602 3293 non
1639 3267 1691 3293 ex
1719 3252 1856 3292 vitiata
1885 3252 1926 3292 in
1960 3252 2086 3306 primo
2117 3252 2278 3292 homine

1363 3314 1506 3348 natura
1554 3308 1667 3349 nobis
1709 3307 1834 3348 inesse
1883 3307 2167 3355 infirmitatem,
2207 3308 2279 3348 sed

1361 3362 1618 3404 substantiam
1647 3363 1788 3404 volunt
1815 3376 1900 3403 esse
1935 3363 2188 3409 contrariam.
2221 3362 2276 3402 sic

1361 3418 1474 3459 nobis
1503 3419 1788 3467 adhaerentem,
1809 3424 1854 3458 ut
1877 3418 2039 3472 quando
2062 3419 2279 3458 liberamur

1359 3481 1479 3528 atque
1497 3487 1731 3528 purgamur,
1750 3481 1955 3528 separetur
1972 3487 1997 3513 a
2022 3473 2149 3519 nobis,
2169 3479 2209 3514 et
2235 3473 2278 3512 111

1359 3542 1432 3569 sua
1449 3536 1592 3570 natura
1609 3530 1725 3570 etiam
1742 3529 1828 3583 ipsa
1847 3529 2121 3569 immortaliter
2141 3528 2246 3568 vivat
2265 3544 2273 3567 ε

1359 3597 1506 3638 easque
1540 3585 1641 3625 duas
1676 3584 1844 3628 animas,
1875 3584 1939 3625 vel
1977 3584 2076 3624 duas
2110 3590 2276 3631 mentes,

1359 3652 1483 3680 unam
1522 3640 1686 3687 bonam,
1720 3640 1887 3680 alteram
1924 3639 2090 3685 malam,
2119 3638 2160 3677 in
2195 3651 2276 3678 uno

1360 3694 1522 3735 homine
1531 3694 1632 3735 inter
1647 3709 1687 3735 se
1699 3694 1847 3735 habere
1858 3694 2102 3742 conflictum,
2114 3693 2277 3746 quando

1359 3763 1454 3791 caro
1489 3750 1747 3804 concupiscat
1784 3751 1972 3790 adversus
2006 3748 2207 3800 spiritum,
2236 3754 2276 3787 et

1359 3804 1517 3860 spiritus
1527 3805 1716 3846 adversus
1727 3817 1904 3846 carnem.
1924 3803 2018 3844 adv.
2035 3802 2148 3844 Haer.
2181 3802 2274 3844 Vid.

1361 3859 1434 3902 inf.
1449 3874 1487 3902 v.
1509 3861 1574 3902 10.
1594 3862 1629 3914 §.
1651 3862 1713 3902 18.
1741 3859 1809 3902 vii.
1829 3860 1868 3900 3.
1894 3859 1930 3911 §.
1953 3860 1992 3900 4.
2010 3857 2064 3899 ix.
2084 3862 2125 3898 4.
2146 3859 2183 3912 ᾗ.
2209 3858 2274 3898 10.
