2378 4134
44 0 47 2 ’
81 0 166 73 Υ

563 222 1171 290 c'oNFESSIONUM
1208 232 1451 286 LIBER
1485 226 1586 285 VI.
1932 235 2004 284 87

149 365 441 437 suspendio
482 364 655 433 magis
697 366 945 419 necabar.
1021 355 1285 418 Volebam
1325 363 1470 416 enim
1509 353 1691 415 eorum
1731 381 1854 432 quae
1892 381 2004 416 non

148 452 383 506 viderem
416 451 494 504 ita
526 467 614 504 me
647 456 850 504 certum
886 450 1021 515 fieri,
1046 456 1108 503 ut
1141 456 1320 503 certus
1344 466 1516 502 essem
1543 447 1691 518 quod
1717 456 1923 517 septem
1949 455 2005 502 et

148 539 249 592 tria
279 537 464 590 decem
498 535 618 589 sint.
696 538 891 606 Neque
923 536 1067 589 enim
1099 546 1210 589 tam
1244 536 1468 588 insanus
1507 552 1668 600 eram,
1694 540 1756 586 ut
1787 552 1857 586 ne
1894 535 2001 588 hoc

147 622 365 694 quidem
387 628 631 692 putarem
655 639 816 691 posse
843 621 1254 691 comprehendi3
1295 621 1391 673 sed
1417 621 1558 673 sicut
1574 620 1698 685 hoc,
1713 620 1789 672 ita
1809 627 2003 672 caetera

146 708 446 778 cupiebam,
468 707 578 759 sive
597 708 897 776 corporalia
923 726 1044 777 quae
1071 725 1250 760 coram
1276 707 1524 759 sensibus
1550 706 1685 758 meis
1710 723 1820 758 non
1847 705 2000 757 ades-

146 800 294 856 sent3
358 792 467 844 sive
511 792 824 861 spiritualia,
868 791 934 844 de
979 792 1179 862 quibus
1229 792 1464 860 cogitare
1506 791 1612 842 nisi
1656 791 2002 860 corporaliter

145 877 462 930 nesciebam.
539 879 614 930 Et
638 879 812 931 sanari
851 878 1116 931 credendo
1154 886 1395 948 poteram
1407 875 1442 943 ⁰,
1467 887 1528 930 ut
1552 878 1832 948 purgatior
1856 878 2000 931 acies

144 964 334 1016 mentis
358 982 491 1017 meae
517 964 831 1032 dirigeretur
856 967 1037 1036 aliquo
1062 966 1222 1018 modo
1248 967 1305 1017 in
1332 969 1605 1018 veritatem
1621 973 1768 1019 tuam
1790 985 2001 1036 semper

143 1055 458 1115 manentem,
479 1052 533 1102 et
557 1069 628 1102 ex
652 1053 802 1102 nullo
829 1051 1184 1104 deficientem.
1262 1051 1371 1104 Sed
1398 1052 1538 1104 sicut
1563 1052 1773 1104 evenire
1802 1054 2000 1105 assolet

143 1140 204 1185 ut
248 1135 444 1185 malum
488 1135 755 1188 medicum
806 1143 1078 1205 expertuS,
1123 1137 1283 1189 etiam
1333 1138 1479 1189 bono
1524 1138 1709 1191 timeat
1753 1157 1807 1190 se
1853 1157 1996 1191 com-

142 1218 346 1271 mittere
366 1239 380 1284 ;
419 1221 494 1272 ita
531 1230 641 1274 erat
677 1221 925 1274 valetudo
965 1222 1156 1274 animae
1194 1241 1346 1286 meae,
1374 1241 1493 1292 quae
1531 1224 1718 1293 utique
1749 1224 1853 1276 nisi
1886 1243 1996 1278 cre-

143 1303 316 1355 dendo
350 1306 523 1357 sanari
559 1325 668 1357 non
698 1314 924 1375 poterat,
951 1314 1004 1358 et
1028 1325 1095 1358 ne
1129 1308 1265 1359 falsa
1299 1307 1550 1371 crederet,
1580 1310 1751 1360 curari
1783 1328 1995 1362 recusa-

139 1389 262 1452 bat3
299 1391 557 1443 resistens>
575 1392 823 1444 manibus
850 1392 973 1454 tuis,
1002 1391 1095 1461 qui
1121 1392 1516 1445 medicamenta
1542 1394 1670 1445 fidei
1699 1395 1996 1459 confecisti,

141 1484 194 1528 et
218 1478 456 1545 sparsisti
481 1497 639 1547 super
661 1481 874 1531 morbos
902 1480 1045 1532 orbis
1070 1487 1343 1545 terrarum,
1369 1488 1422 1532 et
1448 1488 1650 1532 tantam
1676 1482 1787 1534 illis
1813 1490 1996 1535 aucto-

139 1564 348 1616 ritatem
374 1566 622 1618 tribuisti.

214 1654 262 1701 7.
301 1651 392 1702 Ex
417 1652 520 1703 hoc
547 1659 726 1704 tamen
754 1671 968 1723 quoque
997 1653 1109 1724 jam
1137 1671 1459 1722 praeponens
1487 1653 1784 1706 doctrinam
1812 1655 1994 1708 catho-
2079 1671 2131 1710 V.

138 1735 315 1800 licam,
341 1736 633 1789 modestius
657 1738 734 1789 ibi
759 1739 1085 1808 minimeque
1113 1739 1371 1791 fallaciter
1406 1741 1699 1792 sentiebam
1730 1741 1911 1810 juberi
1937 1748 1997 1792 ut
2012 1726 2164 1819 Εὲτῐῗῃ

140 1819 439 1872 crederetur
465 1821 610 1890 quod
645 1841 754 1873 non
789 1823 1249 1875 demonstrabatur
1277 1823 1406 1886 (sive
1442 1834 1582 1876 esset
1610 1825 1758 1894 quid,
1787 1826 1880 1878 sed
1907 1828 1993 1879 cui
2015 1835 2152 1874 Libro-

139 1904 271 1955 forte
308 1924 415 1956 non
454 1913 610 1970 esset,
650 1907 760 1958 sive
806 1926 905 1960 nec
955 1908 1086 1977 quid
1124 1912 1331 1976 essete),
1366 1929 1527 1979 quam
1566 1912 1676 1962 illic
1717 1903 2198 1986 1801813113ζὲῗζζὲῗῑυθς

137 1990 523 2058 pollicitatione
571 1993 806 2045 scientiae
849 1993 1214 2046 credulitatem
1258 1995 1502 2060 irrideri3
1554 2005 1607 2048 et
1655 2006 1845 2067 postea
1884 2007 1991 2050 tam
2009 2007 2198 2061 etrieces-

138 2075 305 2127 multa
344 2076 738 2130 fabulosissima
780 2086 834 2130 et
876 2080 1275 2144 absurdissima,
1323 2082 1450 2150 quia
1490 2082 1837 2135 demonstrari
1882 2067 2110 2149 11011ἰῖἷ,ιο

138 2166 398 2227 poterant,
426 2161 690 2215 credenda
723 2163 972 2232 imperari
984 2161 1012 2214 f.
1091 2165 1304 2217 Deinde
1338 2168 1596 2235 paulatim
1628 2177 1704 2234 tu,
1738 2170 1991 2235 Domine,

193 2292 214 2321 (ί
246 2292 349 2331 Vera
368 2293 514 2346 religio,
535 2295 608 2334 nisi
636 2297 842 2336 credantur
869 2310 917 2336 ea
941 2311 1030 2350 quae
1090 2298 1196 2350 Aug.
1226 2298 1265 2337 in
1298 2301 1365 2338 Ps.
1398 2300 1534 2340 xxxix.
1567 2302 1630 2340 13.
1691 2302 1861 2342 Proinde
1898 2305 1990 2343 sub-

137 2345 299 2399 quisque
332 2355 478 2400 postea,
506 2349 538 2388 si
567 2363 606 2388 se
632 2350 733 2389 bene
760 2352 917 2403 gesserit
949 2352 1032 2405 dig·
1087 2353 1274 2392 stantiam
1312 2354 1405 2399 Dei,
1435 2357 1518 2394 sine
1553 2356 1636 2394 ulla
1671 2356 1731 2395 sui
1769 2366 1987 2398 commuta-

139 2412 289 2452 nusque
306 2399 434 2445 fuerit,
450 2411 677 2455 assequatur
696 2413 812 2456 atque
832 2406 1031 2459 percipiat,

137 2459 177 2491 81
199 2453 355 2493 0111111110
372 2454 453 2494 sine
472 2459 640 2508 quodam
660 2459 765 2510 gravi
797 2461 1034 2500 auctoritatis

139 2506 317 2560 imperio,
351 2508 439 2547 iniri
469 2518 571 2549 recte
607 2512 718 2551 nullo
745 2520 858 2565 pacto
887 2522 1023 2566 potest.

140 2560 247 2614 Aug.
278 2562 327 2600 de
362 2562 448 2602 util.
482 2565 678 2610 credendi,
710 2579 748 2605 c.
777 2568 814 2605 9.
887 2569 1029 2620 Neque

137 2615 342 2667 quisquam
375 2615 605 2658 inveniendo
646 2620 734 2660 Deo
772 2621 815 2659 fit
852 2620 1027 2669 idoneus,

139 2668 211 2708 nisi
251 2676 365 2708 antea
408 2672 621 2716 crediderit.
660 2675 764 2726 quod
803 2681 860 2714 est
897 2683 1029 2730 postea

139 2723 362 2775 cogniturus
389 2725 436 2764 de
466 2726 536 2765 lib.
563 2728 648 2767 arb.
668 2728 708 2767 ii.
730 2730 771 2769 2.
800 2730 834 2780 ᾗ.
854 2731 892 2768 6.
945 2731 1027 2769 Ini-

138 2776 234 2815 tium
263 2778 376 2817 bonae
403 2779 506 2828 vitae,
536 2781 599 2820 cui
630 2781 711 2822 vita
737 2782 853 2822 etiam
882 2791 1027 2824 aeterna

138 2830 315 2876 debetur,
354 2840 461 2873 recta
498 2834 595 2875 fides
629 2843 700 2875 est.
777 2838 849 2877 Est
894 2846 1024 2879 autem

137 2883 247 2932 fides,
267 2886 422 2926 credere
443 2890 548 2940 quod
571 2891 746 2930 nondum
767 2892 888 2938 vides,
912 2896 1028 2943 cujus

137 2937 228 2978 fidei
266 2953 416 2980 merces
453 2951 525 2988 est,
567 2946 694 2985 videre
741 2948 844 2998 quod
886 2949 1028 2988 credis.

138 2992 243 3044 Aug.
269 2995 392 3035 Serm.
413 2998 480 3037 43.
500 2998 583 3037 init.
642 3001 843 3051 Intellige,
874 3010 917 3041 ut
944 3016 1027 3043 cre-

139 3045 224 3091 das,
238 3049 395 3088 verbum
419 3064 546 3091 meum
565 3067 575 3100 ;
605 3054 736 3101 crede,
755 3064 797 3093 ut
816 3056 1028 3109 intelligas,

139 3100 297 3157 yerbum
329 3103 424 3143 Dei.
453 3105 504 3145 ib.
537 3106 604 3146 fin.
663 3109 807 3149 Nonne
839 3113 1030 3165 superbus

140 3154 338 3201 inveniris,
355 3170 444 3196 cum
465 3159 576 3207 dicis,
593 3162 720 3214 primo
741 3163 891 3204 videam
914 3175 953 3204 et
971 3167 1028 3205 sic

139 3206 471 3267 credaml—Ipsa
509 3227 550 3253 se
585 3215 652 3255 lux
689 3218 894 3260 ostendere
930 3221 1029 3261 vult.

141 3259 248 3298 Cm'.
315 3263 431 3304 Caeco
476 3279 551 3307 non
602 3278 744 3323 potest,
785 3286 861 3312 non
907 3275 1023 3315 videt.

143 3314 261 3354 Unde
282 3328 357 3354 non
380 3317 508 3359 videti
550 3322 725 3365 Gravato
754 3328 869 3367 oculo
897 3329 1031 3368 multis

139 3369 670 3420 peccatis—Removeantur
679 3392 770 3432 ergo
788 3381 1026 3434 iniquitates,

142 3421 389 3464 dimittantur
418 3435 592 3478 peccata.
620 3431 772 3473 levetur
801 3437 954 3488 pondus
977 3441 1026 3478 ab

136 3476 267 3523 oculo,
296 3487 454 3519 sanetur
482 3484 586 3534 quod
613 3487 790 3527 saucium
818 3498 890 3534 est,
913 3491 1024 3531 adhi-

138 3529 275 3590 beatur
300 3532 460 3573 mordax
489 3545 725 3592 praeceptum
758 3545 869 3592 quasi
901 3545 1023 3599 colly-

137 3595 253 3625 rium.
310 3587 425 3626 Prius
443 3589 555 3630 effice
574 3593 679 3644 quod
699 3595 769 3635 tibi
790 3598 1027 3652 precipitur,

136 3648 235 3678 sana
261 3652 342 3689 cor,
371 3643 520 3683 munda
548 3652 711 3686 cor.—“
734 3651 853 3691 Beati
881 3655 1029 3694 mundo

135 3692 266 3741 corde,
296 3696 483 3748 quoniam
520 3697 594 3752 ipsi
624 3700 756 3743 Deum
795 3704 1029 3747 videbunt.”

1089 2406 1190 2447 tione
1222 2409 1430 2448 mutabilia
1462 2410 1689 2459 facientem,
1722 2419 1761 2450 et
1795 2413 1878 2451 sine
1907 2414 1990 2451 ullo

1088 2474 1158 2500 suo
1213 2463 1419 2515 temporali
1467 2472 1574 2503 motu
1625 2467 1859 2519 temporalia
1905 2479 1988 2506 cre-

1087 2523 1232 2561 antem,
1270 2517 1409 2556 intueri
1445 2526 1482 2557 et
1516 2520 1633 2572 plene
1677 2533 1788 2559 nosse
1828 2521 1989 2562 difficile

1084 2577 1169 2618 est;
1217 2578 1256 2609 et
1304 2572 1391 2610 ideo
1438 2579 1497 2611 est
1542 2575 1759 2613 necessaria
1806 2577 1989 2627 purgatio

1085 2625 1226 2662 mentis
1263 2632 1417 2671 nostrae,
1450 2640 1528 2679 qua
1561 2627 1662 2666 illud
1695 2629 1896 2668 ineffabile
1927 2630 1985 2669 in·

1083 2677 1291 2718 effabiliter
1328 2681 1448 2719 videri
1490 2681 1635 2734 possit:
1686 2696 1766 2734 qua
1809 2685 1984 2724 nondum

1083 2733 1249 2784 praediti,
1280 2733 1358 2774 fide
1396 2738 1602 2780 nutrimur,
1629 2745 1667 2776 et
1697 2752 1766 2792 per
1798 2739 1986 2790 quaedam

1082 2787 1358 2834 tolerabiliora,
1407 2797 1450 2829 ut
1499 2791 1548 2829 ad
1596 2791 1696 2831 illud
1745 2793 1981 2845 capiendum

1083 2842 1162 2895 apti
1192 2853 1230 2881 et
1260 2842 1411 2883 habiles
1442 2845 1674 2892 efficiamur,
1703 2848 1843 2887 itinera
1873 2849 1982 2888 duci-

1082 2909 1183 2934 mur.
1227 2896 1336 2949 Aug.
1358 2899 1407 2937 de
1426 2900 1535 2939 Trin.
1557 2900 1585 2939 l.
1608 2900 1633 2939 i.
1661 2903 1697 2951 ς.
1719 2904 1757 2940 3.
1779 2902 1830 2941 cf.
1863 2904 1983 2942 etiam

1085 2958 1163 2989 not.
1189 2949 1216 2997 f,
1238 2952 1412 3004 proxime
1430 2967 1512 3006 seq.

1139 3010 1158 3030 e
1202 3005 1451 3060 Subintellig.
1502 3012 1597 3061 quod
1646 3012 1978 3051 demonstraretur.

1084 3059 1158 3111 (N.
1183 3060 1255 3107 E.)

1140 3109 1160 3140 f
1187 3115 1270 3154 Vos
1291 3115 1422 3163 nostis,
1441 3123 1573 3157 tamen
1597 3119 1843 3158 credentibus
1862 3133 1982 3173 quam

1085 3168 1333 3208 vehementer
1362 3170 1549 3211 insultare
1575 3172 1745 3218 soleatis,
1770 3174 1979 3226 praesertim

1085 3235 1173 3261 cuni
1192 3222 1288 3276 ipse,
1305 3223 1372 3276 qui
1389 3224 1472 3277 jam
1495 3226 1617 3279 coepit
1638 3226 1788 3265 incerta
1810 3240 1982 3274 narrare,

1085 3277 1243 3329 plenam
1265 3290 1312 3316 ac
1333 3278 1484 3317 firmam
1505 3279 1707 3319 scientiam
1729 3282 1864 3333 paullo
1891 3290 1981 3322 ante

1086 3331 1642 3386 promiserit—Quapropter,
1682 3343 1751 3373 aut
1797 3348 1844 3374 ea
1890 3349 1981 3388 quae

1082 3384 1178 3424 dicit
1203 3387 1326 3437 proba
1360 3386 1457 3425 mihi
1487 3400 1578 3426 vera
1603 3401 1699 3431 esse.
1727 3396 1771 3427 ut
1800 3391 1982 3430 ostendas

1081 3451 1172 3490 quae
1203 3452 1279 3478 non
1310 3453 1464 3492 possum
1494 3441 1666 3487 credere,
1699 3449 1767 3481 aut
1793 3456 1883 3482 eum
1914 3446 1981 3498 qui

1081 3492 1189 3537 dicit,
1203 3494 1326 3545 proba
1345 3494 1442 3532 mihi
1466 3494 1654 3548 Spiritum
1674 3496 1862 3536 Sanctum
1883 3511 1979 3547 esse,

1084 3553 1127 3584 ut
1147 3546 1304 3585 credam
1327 3560 1415 3599 quae
1431 3562 1508 3588 non
1529 3558 1638 3603 potes
1651 3551 1867 3592 ostendere.
1896 3554 1980 3606 Ego

1084 3613 1255 3651 namque
1291 3602 1525 3642 catholicam
1564 3604 1682 3644 fidem
1716 3607 1911 3659 profiteor,
1941 3615 1982 3648 et

1085 3667 1155 3707 per
1173 3653 1284 3693 illam
1311 3668 1374 3695 me
1401 3657 1451 3696 ad
1481 3664 1627 3697 certam
1656 3658 1860 3700 scientiam
1891 3675 1980 3715 per·

1084 3714 1291 3749 venturum
1319 3722 1404 3750 esse
1433 3724 1652 3764 praesum03
1699 3721 1741 3755 tu
1774 3727 1880 3764 vero,
1911 3717 1979 3770 qui
