2378 4134
1046 207 1321 262 mumr.
1391 264 1394 274 ,

329 355 500 412 eorpor'u
510 352 572 396 sui
585 356 698 394 extra
708 347 894 406 patriam,
905 348 1067 388 tandem
1081 343 1182 406 nihii

331 414 468 459 curan
495 406 566 450 ssd
591 410 749 447 tantum
767 409 814 444 nt
833 401 921 456 ejus
944 402 996 442 ad
1016 398 1181 441 Domini

333 464 462 505 altare
478 459 729 503 meminerint
751 456 836 503 filii,
851 455 920 497 ubi
935 455 1004 496 ubi
1023 453 1181 499 suerint,

339 519 435 565 163,
449 517 541 558 167.
574 514 672 557 Alia
682 512 770 568 ejus
787 510 950 571 insignis
968 507 1180 553 sententia,

339 573 431 613 163.
497 570 563 611 die
608 569 652 609 ix
706 564 962 620 aegritudinis,
1014 575 1080 603 an.
1128 561 1181 601 lvi

337 632 405 668 aet.
448 637 547 670 suae,
582 621 710 663 xxxiii
753 626 822 660 aet.
870 613 991 672 Aug¹.
1037 615 1182 669 migrat

335 692 386 720 ex
415 679 492 720 hac
513 678 607 724 vita,
625 677 682 716 ib.
731 673 830 727 Ejus
857 673 991 722 funus,
1014 672 1093 711 164
1120 683 1181 724 sq.

338 733 580 774 Sacrificium
595 729 711 786 pretii
725 727 844 769 nostri
860 741 929 782 pro
943 740 992 768 ea
1006 725 1179 773 offertur,

333 788 418 842 jam
432 787 550 840 juxta
563 797 606 825 se
633 783 817 824 ulchrum
832 783 958 837 posito
971 782 1180 825 cadavere,

335 841 605 936 Ξοῗέἓῗῗέε,
628 835 1072 946 Ερὲἷιῗζῖἲὸἕὲωἱιίἰὲρ
1092 833 1182 942 ἔῖἶὲῗ

340 950 420 990 164
436 963 455 990 s
487 979 498 990 .

283 1003 412 1045 Moris
440 962 604 1044 hirmani
632 1001 780 1042 flumen
805 1000 872 1040 vix
902 998 1182 1052 superandum,

345 1059 409 1107 13,
428 1064 469 1098 et
487 1071 528 1097 n.

285 1114 422 1153 Mores
457 1110 681 1151 hominum.
746 1110 849 1157 Quae
886 1114 1022 1148 contra
1058 1118 1185 1146 mores

340 1165 545 1207 hominum
572 1172 665 1204 sunt
690 1163 844 1216 flagitia
861 1175 932 1214 pro
951 1174 1101 1202 morum
1122 1161 1181 1200 di-

339 1222 522 1262 versitate
540 1219 703 1259 vitanda
719 1224 824 1263 sunt,
845 1217 911 1257 37.

288 1277 402 1315 Mors
428 1274 503 1314 sibi
531 1275 613 1327 ipse
640 1279 699 1313 est
724 1272 793 1325 qui
821 1271 925 1310 male
954 1269 1060 1314 vivit,
1090 1269 1184 1308 230.

343 1330 516 1369 Moritur
563 1327 631 1381 qui
684 1328 818 1367 Deum
869 1337 947 1365 non
984 1323 1106 1367 videt.
1143 1323 1185 1361 3.

344 1382 571 1424 Mortalitas
589 1381 850 1421 testimonium
869 1378 1037 1433 peccati,
1065 1380 1097 1417 Ι.

290 1438 456 1484 Mortui,
478 1438 564 1477 vide
585 1435 790 1475 Defuncti.

290 1493 440 1532 Mulier
458 1504 547 1545 quae
577 1489 801 1550 perdiderat
825 1487 1070 1531 drachmam,
1094 1485 1185 1545 1⁶29,

350 1548 441 1586 181.
496 1546 688 1597 AEnigma
706 1541 924 1583 Salomonis
948 1540 998 1580 de
1025 1538 1187 1578 muliere

346 1600 506 1640 sedente
523 1611 640 1651 super
656 1597 798 1637 cellam
818 1596 860 1635 in
880 1595 1042 1640 foribus,
1062 1595 1131 1633 34.

290 1656 503 1695 Mutantur
527 1653 672 1692 coelum
701 1659 740 1691 et
768 1657 894 1690 terrae.
952 1649 1114 1690 Coelum
1148 1653 1186 1686 et

345 1716 445 1749 terra
478 1707 654 1747 clamant
678 1705 784 1758 quod
832 1704 939 1745 facta
978 1704 1057 1743 sint
1094 1701 1188 1755 quia

344 1769 560 1808 mutantur,
580 1762 678 1801 208.

728 1978 782 2016 N.

297 2083 492 2136 Navigius
519 2079 644 2136 Augi.
689 2084 806 2124 frater
834 2084 946 2123 morti
992 2081 1195 2122 Monnicae

346 2144 387 2177 et
405 2139 490 2191 ejus
508 2139 635 2178 funeri
654 2137 847 2185 interfuit,
871 2140 962 2185 162,
985 2146 1024 2177 et
1043 2151 1083 2176 n.

293 2191 544 2232 Nummus
565 2193 693 2246 patria
714 2192 947 2245 Carthagini
965 2191 1106 2235 vicina,
1127 2190 1195 2229 96.

349 2245 477 2298 Augo.
493 2247 729 2291 carissimus,
747 2246 977 2286 adolescens
992 2244 1106 2285 valde
1124 2244 1196 2283 bo-

350 2312 426 2339 nus
461 2308 501 2340 et
536 2301 652 2341 valde
698 2307 842 2347 castus,
883 2302 948 2339 48.
1005 2297 1197 2338 mirabilis

349 2354 508 2399 animm,
539 2356 629 2394 109.
658 2354 896 2398 mitissimus,
926 2354 1015 2392 133.
1054 2353 1197 2404 Augm.

351 2408 403 2446 ab
444 2408 649 2461 astrologis
707 2407 955 2448 consulendis
1012 2419 1195 2447 revocare

351 2461 498 2509 nititur,
520 2464 587 2507 48,
613 2463 700 2502 109.
755 2462 1043 2515 Argumentum
1075 2460 1194 2515 ipsius

353 2516 501 2556 clarum
526 2523 662 2557 contra
680 2516 942 2560 Manichaeos.
967 2517 1059 2555 105.
1099 2517 1191 2555 Me-

353 2569 556 2611 diolanum
583 2570 689 2611 venit
718 2584 795 2611 non
823 2571 872 2610 ob
907 2569 1014 2609 aliud
1046 2569 1121 2608 nisi
1147 2576 1190 2608 ut

353 2636 444 2663 cum
474 2626 582 2677 Aug.
612 2626 651 2664 in
684 2625 887 2679 sapientiae
915 2623 1044 2664 studio
1073 2624 1193 2670 vivat,

353 2678 421 2717 96.
480 2680 617 2718 Beatae
637 2679 726 2718 vitae
744 2679 948 2732 inquisitor
966 2678 1121 2725 ardens,
1141 2679 1195 2718 ib.

354 2732 437 2771 Sub
467 2733 701 2773 Verecundo
739 2731 1029 2773 Mediolanensi
1065 2745 1194 2785 gram-

353 2786 498 2826 matico
518 2787 647 2834 docet,
669 2789 760 2827 133.
815 2789 960 2827 Errans
985 2786 1198 2839 aliquando

354 2840 460 2880 circa
479 2841 766 2882 Incarnationis
795 2841 1036 2896 mysterium,
1058 2848 1194 2894 postea

353 2893 398 2931 fit
436 2894 681 2945 Catholicus,
722 2897 812 2935 148.
878 2897 968 2935 Deo
1002 2895 1118 2935 servit
1155 2894 1194 2933 in

354 2948 527 2999 perfecta
543 2950 723 2989 castitate
743 2951 847 3004 apud
866 2963 956 2989 suos
983 2950 1023 2988 in
1047 2949 1196 2994 Africa,

354 3001 407 3040 ib.
471 3003 574 3043 Tota
610 3003 750 3043 domus
785 3004 870 3057 ejus
913 3017 984 3058 per
1020 3015 1110 3043 eum
1155 3003 1198 3041 fit

357 3055 596 3105 Christiana,
625 3058 676 3098 ib.
740 3059 909 3098 Moritur
941 3057 1047 3098 haud
1075 3057 1199 3097 multo

354 3116 443 3159 post
465 3108 582 3162 Augl.
595 3112 848 3166 baptismum,
863 3113 917 3152 ib.
937 3112 1033 3151 vivit
1050 3112 1091 3151 in
1111 3112 1197 3151 sinu

358 3162 549 3255 {agg-ahin,
568 3164 623 3204 ib.
662 3165 851 3219 Epistolae
872 3166 923 3206 ad
943 3166 1195 3211 Nebridium,

306 3270 528 3310 Necessitas
546 3271 827 3311 consuetudine
845 3271 1023 3319 inducta,
1047 3274 1138 3312 132.

306 3324 511 3362 Nobilium
523 3325 722 3365 conversio
736 3325 892 3378 majoris
901 3325 1046 3366 laetitiae
1059 3340 1195 3366 caussa

358 3384 417 3415 est
437 3378 638 3424 Ecclesiae,
659 3381 750 3418 131.
796 3379 1024 3420 Nobilitatis
1044 3381 1200 3421 nomine

356 3432 543 3483 superbos
559 3433 651 3483 plus
669 3443 778 3473 tenet
796 3433 995 3483 diabolus,
1011 3434 1066 3475 ib.

307 3485 464 3524 Nomen
506 3488 601 3526 dare
637 3487 689 3527 ad
729 3487 994 3541 Baptismum,
1035 3490 1126 3536 154,
1163 3495 1202 3528 et

359 3551 384 3576 n

307 3565 444 3685 Νιὲὶὲεδ
480 3594 765 3647 predicatores,
799 3595 945 3636 coelum
984 3594 1199 3650 Scriptura,

306 3699 345 3737 N
350 3712 435 3753 ugae
455 3700 645 3754 majorum
661 3710 847 3743 vocantur
864 3704 1036 3756 negotia,
1055 3705 1093 3743 8.

2021 205 2134 253 ‘319

1655 340 1707 408 ,⁰⁸

1236 449 1415 493 obedire
1449 445 1609 502 regibus
1643 446 1828 500 generale
1867 451 2030 501 pactum
2075 450 2139 485 est

1288 503 1488 546 societatis
1506 503 1705 550 humana,
1724 503 1794 543 37.

1238 558 1402 600 Oblatio
1419 556 1569 604 altaris,
1588 557 1656 598 73.

1238 611 1461 655 oblivionis
1476 610 1665 652 memoria
1679 616 1754 657 est,
1771 611 1861 652 179.

1239 667 1360 710 Oculi
1369 678 1554 707 sensuum
1567 665 1778 720 principes,
1793 665 1886 705 195.
1917 662 2138 705 Oculorum

1289 721 1489 776 voluptas,
1511 720 1602 760 193.

1237 774 1388 818 Odium
1398 777 1439 816 in
1451 774 1672 829 proximum
1682 786 1749 814 eor
1759 773 1915 826 gravius
1923 778 2068 817 vastat,
2077 774 2091 811 l
2100 773 2140 811 5.

1238 832 1373 885 Opera
1406 829 1486 870 Dei
1518 828 1753 883 compendio
1785 834 2008 875 narrantur,
2042 827 2140 866 277.

1293 886 1430 939 Opera
1467 891 1600 924 nostra
1640 884 1747 923 bona
1781 883 1871 923 ideo
1905 883 2012 922 bona
2049 888 2141 922 sunt

1293 939 1387 992 quia
1409 939 1522 979 Deus
1546 952 1595 979 ea
1621 937 1734 978 nobis
1758 938 1895 984 donat,
1922 937 2013 984 166,
2032 943 2073 976 et
2101 949 2139 974 n.

1241 1047 1381 1088 Oratio
1405 1061 1475 1102 pro
1499 1046 1659 1087 mortuis
1687 1047 1736 1086 ad
1766 1047 1906 1095 altare,
1930 1047 2022 1093 163,
2046 1046 2140 1093 165,

1238 1156 1422 1197 Oratoria
1439 1160 1517 1210 i.q.
1541 1157 1761 1201 Memoriae,
1780 1157 1847 1199 71,
1868 1168 1910 1194 n.

1241 1211 1437 1251 Ordinare
1455 1211 1580 1256 aliud,
1603 1211 1711 1249 aliud
1732 1222 1879 1258 creare,
1900 1210 1940 1256 9,
1965 1222 2005 1249 n.

1241 1266 1403 1305 Orestes
1422 1273 1462 1305 et
1484 1265 1671 1318 Pylades,
1688 1267 1755 1305 51.

1243 1319 1380 1359 Otium
1402 1321 1566 1365 malum,
1587 1321 1655 1359 20.

1241 1374 1408 1414 Ovidius
1426 1374 1467 1414 in
1484 1374 1602 1414 Trist.
1620 1374 1811 1420 innuitur,
1829 1373 1899 1412 61.

1652 1482 1702 1521 P.

1245 1591 1480 1637 Paracletus,
1504 1594 1569 1631 31.

1247 1645 1342 1685 Pars
1371 1646 1494 1699 turpis
1525 1653 1596 1693 est,
1627 1658 1716 1696 quae
1750 1658 1821 1685 suo
1852 1645 2031 1685 universo
2065 1657 2144 1683 non

1297 1700 1490 1753 congruit,
1510 1701 1576 1740 37.

1246 1755 1379 1793 Patres
1397 1755 1435 1795 S.
1455 1755 1550 1794 Vet.
1568 1754 1743 1793 Testam.
1773 1768 1796 1793 a
1826 1753 2145 1794 Manichaeorum

1300 1808 1616 1848 cavillationibus
1643 1809 1818 1848 vindicat
1850 1810 1956 1862 Aug.
1985 1810 2054 1855 35,
2076 1808 2145 1851 36,

1301 1864 1368 1906 37.
1389 1865 1458 1909 39,
1476 1869 1514 1903 et
1534 1876 1601 1902 nn.

1250 1917 1444 1957 Patricius
1475 1918 1583 1969 Aug.
1617 1924 1742 1971 pater,
1776 1917 1906 1957 tenuis
1940 1916 2146 1969 municeps

1302 1971 1598 2024 Thagastensis,
1635 1973 1704 2011 20.
1759 1971 1984 2012 Animosior
2024 1983 2145 2023 quarn

1303 2026 1540 2078 opulentior,
1572 2025 1677 2064 ultra
1710 2025 1813 2066 vires
1851 2026 1905 2066 rei
1942 2024 2148 2070 familiaris

1304 2079 1384 2119 filio
1401 2081 1670 2134 impendebat,
1685 2080 1879 2134 quidquid
1893 2080 2010 2120 etiam
2029 2080 2147 2129 longe

1305 2133 1567 2186 peregrinanti
1603 2134 1822 2174 studiorum
1865 2147 2006 2174 caussa
2050 2146 2149 2186 opus

1305 2197 1402 2234 erat,
1420 2190 1487 2228 20.
1528 2188 1724 2236 Quamvis
1753 2188 1812 2228 ira
1841 2187 2025 2234 fervidus,
2045 2201 2146 2226 nun-

1305 2254 1424 2293 quam
1443 2242 1583 2282 cecidit
1601 2242 1829 2282 Monnicam
1853 2256 2031 2289 uxorem,
2056 2243 2148 2282 159.

1306 2296 1370 2334 Fit
1417 2297 1737 2336 Catechumenus
1784 2298 1915 2349 Aug0.
1966 2310 2034 2337 an.
2070 2297 2149 2335 fere

1305 2350 1369 2388 xvi
1413 2359 1567 2403 agente,
1606 2352 1674 2390 20.
1717 2364 1864 2404 annoq.
1901 2358 2003 2404 post,
2044 2350 2148 2403 (30.)

1304 2404 1465 2443 moritur
1483 2404 1621 2449 fidelis,
1647 2406 1737 2444 160.
1779 2406 1872 2458 Ejus
1891 2418 2033 2450 mores,
2061 2406 2149 2444 159.

1308 2457 1384 2497 Pro
1403 2472 1450 2499 eo
1469 2460 1570 2499 orari
1588 2459 1639 2498 ad
1655 2459 1778 2500 altare
1789 2460 1874 2500 vult
1885 2460 2150 2511 Augustinus,

1252 2567 1428 2607 Pinus
1448 2567 1661 2620 Apostolus
1690 2568 1795 2606 unde
1823 2567 1951 2607 dictus
1986 2567 2149 2611 Paulus,

1307 2623 1399 2668 131,
1412 2629 1452 2661 et
1466 2635 1506 2660 n.
1539 2621 1659 2661 Miles
1676 2629 1888 2661 castrorum
1909 2621 2149 2666 coelestium,

1309 2677 1398 2715 190.
1456 2676 1553 2727 Ejus
1592 2676 1728 2726 lingua
1763 2676 1947 2721 volatilis,
1985 2677 2151 2728 loquens

1306 2730 1501 2782 mysteria,
1521 2732 1615 2770 273.
1654 2730 1776 2769 Illum
1797 2745 1880 2784 prae
1899 2731 2036 2770 ceteris
2054 2731 2151 2783 legit

1307 2784 1415 2835 Aug.
1437 2786 1525 2823 122.

1252 2839 1399 2878 Paulus
1419 2839 1643 2891 proconsul,
1663 2851 1732 2892 per
1749 2838 1987 2892 baptismum
2008 2839 2051 2878 fit
2069 2840 2151 2879 Re-

1305 2893 1362 2944 gis
1379 2894 1520 2946 Magni
1537 2893 1803 2946 provincialis,
1828 2894 1916 2933 131.

1255 2946 1429 2986 Peccata
1463 2954 1554 2987 ante
1592 2947 1830 3002 baptismum
1875 2948 1994 3000 vulgo
2040 2949 2151 3000 parvi

1308 3001 1545 3053 pendebant,
1566 3003 1629 3042 10.
1658 3009 1745 3055 post
1773 3002 2009 3055 baptismum
2031 3002 2150 3041 delic-

1308 3062 1434 3095 torum
1455 3063 1585 3096 reatus
1610 3057 1738 3110 major
1754 3063 1794 3096 et
1812 3055 2077 3109 periculosior,
2097 3056 2153 3095 ib.

1257 3109 1466 3149 Peccatum
1485 3110 1582 3149 nihil
1604 3118 1674 3152 est.
1694 3113 1760 3149 25.
1800 3110 2011 3149 Admittitu
2041 3111 2152 3149 edum

1304 3163 1563 3202 immoderata
1574 3165 1614 3202 in
1629 3164 1714 3203 haec
1731 3164 1867 3202 infima
1881 3163 2153 3210 inclinatione,

1306 3229 1461 3255 summa
1479 3218 1584 3256 bona
1602 3218 1847 3262 deseruntur,
1868 3219 1936 3261 22,
1950 3219 2046 3264 230,
2059 3226 2098 3257 et
2113 3232 2153 3258 n.

1310 3271 1419 3309 Dum
1440 3283 1519 3309 non
1537 3271 1578 3310 in
1602 3272 1705 3318 Deo,
1725 3272 1791 3311 sed
1808 3272 1848 3311 in
1866 3271 1994 3324 seipso
2009 3279 2048 3311 et
2068 3272 2155 3312 aliis

1310 3324 1495 3364 creaturis
1513 3325 1749 3379 voluptates,
1771 3326 2041 3372 sublimitates,
2055 3327 2152 3365 veri·

1311 3385 1410 3418 tates
1441 3379 1559 3418 homo
1605 3380 1761 3432 quaerit.
1811 3381 1874 3420 17.
1940 3380 2152 3420 Peccatum

1312 3445 1441 3478 omne,
1461 3446 1643 3486 perversa
1664 3434 1744 3473 Dei
1762 3434 1940 3479 imitatio,
1955 3436 2028 3483 23,
2041 3436 2111 3475 24.

1259 3486 1417 3526 Peccati
1436 3500 1576 3527 caussa
1589 3488 1700 3528 Deus
1720 3502 1796 3528 non
1812 3495 1884 3536 est,
1901 3490 1995 3528 205.
2012 3502 2152 3541 pecca-

1310 3547 1438 3580 torum
1452 3542 1663 3590 ordinator,
1675 3549 1831 3583 tantum
1843 3556 1920 3582 non
1935 3550 2102 3589 creator,
2113 3545 2154 3592 9,

1309 3602 1350 3634 et
1367 3608 1407 3634 n.
1447 3597 1664 3636 Peccatum
1685 3611 1762 3637 non
1785 3597 2043 3637 committitur
2071 3598 2154 3638 sine

1315 3661 1466 3696 caussa,
1481 3651 1548 3689 22.
1590 3651 1789 3691 Peccandi
1804 3652 1988 3704 quaedam
2009 3659 2069 3692 est
2087 3667 2156 3693 ne-

1311 3704 1484 3751 cessitas,
1513 3705 1605 3744 132.
1646 3707 1856 3754 Quomodo
1888 3707 1929 3746 in
1960 3719 2047 3748 eam
2084 3707 2151 3748 de-
