2378 4134
397 159 504 209 206
879 161 935 213 S.
963 160 1407 216 AUGUSTINI
1445 161 1803 216 EPISCOPI

191 309 278 337 rum
299 296 360 336 in·
393 289 515 342 haec
552 292 835 345 enuntiare
872 311 945 346 ex
981 293 1192 359 ordine,
1219 312 1345 347 caro
1379 293 1516 346 mihi
1550 296 1736 349 valent
1773 295 1931 349 stillae
1965 0 2378 369 temporum'i

191 353 378 448 {23ssng
394 376 473 428 Et
498 376 629 429 olim
654 377 940 433 inardesco
964 380 1262 433 meditari
1249 399 1307 433 in
1332 381 1456 449 lege
1483 387 1594 449 tua,
1621 391 1676 436 et
1709 383 1769 435 in
1805 402 1872 436 ea
1906 383 2010 436 tibi
2045 383 2324 442 confiteri
2373 388 2378 429 1

396 463 683 517 scientiam
711 470 766 518 et
789 465 1122 535 imperitiam
1156 484 1354 533 meam,
1379 465 1678 537 primordia
1710 468 2130 524 illuminationis
2164 479 2290 542 tuae,
2373 472 2378 508 ¹³

396 558 452 605 et
483 553 745 624 reliquias
782 555 1126 607 tenebrarum
1163 574 1422 621 mearum,
1449 574 1736 628 quousque
1765 557 2052 610 devoretur
2077 578 2111 613 a
2147 560 2291 615 forti·
2312 604 2330 616 f

396 638 585 693 tudine
634 640 938 694 infirmitas.
1035 643 1114 694 Et
1163 643 1292 695 nolo
1337 642 1397 694 in
1441 642 1593 696 aliud
1641 644 1793 697 horae
1843 644 2116 711 diffluant,
2158 666 2293 718 quas

394 720 616 776 invenio
651 725 854 777 liberas
891 743 924 777 a
955 726 1377 778 necessitatibus
1416 726 1699 780 reficiendi
1738 729 2000 799 corporis,
2029 737 2084 782 et
2119 731 2292 785 inten-

395 811 562 863 tionis
589 811 774 876 animi‚
802 818 858 864 et
893 812 1168 866 servitutis
1196 832 1361 884 quam
1389 813 1652 868 debemus
1685 816 2024 882 hominibuS‚
2051 823 2106 870 et
2132 836 2293 889 quam

396 915 507 949 non
536 897 800 950 debemus
816 894 836 926 ¹³
864 905 918 950 et
942 905 1124 952 tamen
1150 899 1445 953 reddimus.

473 988 523 1035 3.
564 984 806 1036 Domine
845 985 1000 1038 Deus
1042 1005 1216 1052 111305,
1255 986 1479 1041 intende
1523 989 1755 1042 orationi
1799 1008 1954 1057 meae,
1995 998 2050 1044 et
2090 991 2294 1045 miseri-

397 1069 584 1122 cordia
627 1077 723 1123 tua
762 1072 1028 1124 exaudiat
1067 1072 1399 1126 desiderium
1442 1094 1655 1142 meum3
1704 1078 1964 1147 quoniam
2009 1096 2121 1130 non
2163 1079 2296 1132 mihi

399 1157 501 1209 soli
539 1163 751 1222 aestuat,
780 1157 879 1210 sed
912 1159 1037 1211 usui
1062 1161 1182 1211 vult
1217 1178 1337 1213 esse
1371 1161 1619 1216 fraternae
1658 1164 1939 1217 charitati:
1983 1173 2037 1217 et
2061 1165 2216 1218 vides
2239 1167 2298 1218 in

399 1243 562 1297 corde
599 1262 723 1297 meo
766 1244 898 1314 quia
936 1246 1014 1297 sic
1056 1254 1153 1298 est.
1233 1247 1586 1301 Sacrificem*
1614 1250 1715 1302 tibi
1747 1250 2065 1304 famulatum
2094 1253 2296 1320 cogita-

398 1330 563 1383 tionis
599 1336 654 1383 et
686 1330 890 1398 linguae
928 1351 1097 1397 meae3
1139 1341 1193 1385 et
1219 1332 1290 1386 da
1317 1334 1466 1404 quod
1503 1338 1726 1389 offeram
1761 1337 1878 1390 tibi.
1959 1339 2129 1406 Inops
2155 1339 2299 1391 enim

397 1425 452 1470 et
478 1436 701 1486 pauper
725 1436 846 1469 sum
865 1440 882 1475 ;
935 1426 995 1470 lu
1024 1420 1172 1472 dives
1198 1421 1259 1471 in
1286 1439 1469 1473 omnes
1502 1423 1816 1475 invocantes
1849 1431 1919 1489 te,
1949 1424 2044 1494 qui
2080 1443 2299 1478 securus

399 1523 583 1558 curam
618 1504 788 1556 nostri
818 1506 975 1572 geris.
1060 1506 1414 1559 Cz'rcumcide
1441 1509 1509 1560 ab
1539 1510 1689 1561 omni
1714 1510 2016 1563 temeritate
2044 1512 2299 1582 omnique

398 1592 686 1646 mendacio
714 1593 973 1646 interiora
999 1601 1053 1645 et
1080 1593 1350 1646 exteriora
1377 1594 1528 1647 labia
1555 1614 1694 1649 mea.
1750 1597 1872 1650 Sint
1898 1605 2062 1650 castae
2091 1597 2299 1652 deliciae

199 1337 384 1383 Ps.85,1.

201 1405 320 1446 Rom.

201 1462 267 1511 10,
292 1463 354 1501 12.

401 1766 621 1812 civitatem,
660 1773 704 1806 ut
743 1765 860 1806 multi
896 1771 1073 1805 vestrum
1108 1772 1319 1805 noverunt.
1375 1766 1614 1820 ipseDeus:
1620 1766 1990 1822 'ib.‘)quumeam
1997 1768 2298 1823 ‘perfectionem

405 1823 651 1871 Quaerebam
691 1821 758 1861 ubi
798 1821 1081 1861 constituerem
1119 1828 1319 1860 monaste—

403 1879 522 1923 rium,
561 1885 601 1918 et
636 1878 810 1917 viverem
851 1890 941 1917 cum
979 1876 1166 1915 fratribus
1205 1876 1322 1916 meis.

405 1936 526 1989 Spem
549 1933 698 1988 quippe
722 1946 881 1972 omnem
901 1932 1040 1972 saeculi
1070 1931 1328 1985 reliqueram,

406 1998 445 2030 et
463 1989 570 2052 quod
586 2002 672 2029 esse
689 1986 818 2043 potui,
834 2000 918 2027 esse
935 1987 1072 2027 nolui:
1105 2000 1181 2026 nec
1196 1996 1330 2027 tamen

405 2045 572 2098 quaesivi
596 2057 681 2084 esse
703 2042 811 2096 quod
832 2055 934 2082 sum.
974 2042 1152 2104 ‘lilegi'
1142 2056 1184 2081 m
1213 2043 1331 2082 domo

408 2099 488 2140 Dei
509 2101 588 2139 mei
611 2099 791 2153 abjectus
810 2111 896 2138 esse
918 2097 1061 2151 magis,
1079 2111 1200 2151 quam
1216 2098 1330 2137 habi-

406 2163 493 2195 tare
510 2156 551 2194 in
574 2154 844 2195 tabernaculis
864 2153 1149 2207 peccatorum)
1186 2154 1253 2193 Ab
1275 2151 1332 2192 eis

406 2211 475 2264 qui
497 2211 671 2263 diligunt
691 2209 903 2258 saeculum,
917 2209 1125 2260 segregavi
1142 2222 1230 2248 me:
1263 2207 1332 2247 sed

407 2266 464 2306 eis
478 2267 547 2329 qui
561 2272 736 2319 praesunt
751 2264 925 2318 populis,
940 2277 1019 2302 non
1035 2278 1098 2303 me
1111 2263 1334 2327 coaequavi.

407 2322 499 2361 Nec
526 2321 566 2361 in
586 2320 767 2361 convivio
795 2319 962 2360 Domini
985 2318 1062 2358 mei
1082 2320 1325 2373 superiorem

407 2377 541 2417 locum
561 2376 680 2428 elegi,
701 2376 770 2415 sed
791 2375 1015 2414 inferiorem
1038 2381 1078 2413 et
1099 2374 1322 2427 abjectum:

408 2439 449 2472 et
463 2431 617 2486 placuit
633 2431 692 2471 illi
713 2431 843 2470 dicere
864 2430 976 2479 mihi,
991 2429 1223 2470 ‘Adscende
1243 2442 1327 2469 sur-

408 2502 511 2528 sum.
517 2488 527 2505 '
573 2487 714 2540 Usque
736 2485 837 2526 adeo
859 2493 994 2526 autem
1016 2485 1206 2525 timebam
1227 2484 1329 2538 epis-

409 2550 614 2598 copatum,
637 2549 681 2581 ut
701 2542 889 2594 quoniam
921 2547 1102 2595 coeperat
1135 2554 1222 2581 esse
1241 2540 1326 2593 jam

411 2599 583 2653 alicujus
603 2598 796 2637 momenti
823 2597 925 2636 inter
946 2596 1027 2637 Dei
1060 2610 1194 2637 servos
1220 2596 1329 2635 sama

409 2668 516 2701 mea,
535 2654 575 2693 in
597 2667 677 2706 quo
699 2653 785 2693 loco
805 2652 982 2692 sciebam
1005 2665 1085 2691 non
1117 2665 1203 2691 esse
1225 2651 1328 2705 epis-

409 2722 571 2764 copum,
598 2722 676 2748 nou
711 2708 780 2748 illo
813 2708 1058 2748 accederem.
1121 2707 1329 2747 Cavebatn

409 2764 502 2812 hoc,
518 2772 558 2805 et
578 2765 747 2814 agebam
781 2771 978 2817 quantum
1005 2769 1202 2817 poteram,
1224 2762 1330 2802 utin

412 2820 498 2859 loco
514 2820 654 2860 humili
668 2819 857 2864 salvarer,
863 2832 913 2858 ne
926 2819 964 2857 in
982 2820 1062 2857 alto
1073 2818 1331 2872 periclitarer.

411 2875 507 2924 Sed,
527 2882 572 2914 ut
591 2874 687 2920 dixi,
705 2873 868 2912 domino
899 2887 1034 2913 servus
1059 2873 1333 2912 contradicere

412 2943 492 2970 non
532 2930 664 2968 debet.
734 2928 842 2969 Veni
881 2928 932 2968 ad
970 2928 1089 2967 istam
1127 2928 1329 2967 civitatem

411 2991 572 3039 propter
599 2982 817 3023 videndum
847 2984 1036 3029 amicum,
1061 2995 1181 3035 quem
1213 2990 1330 3037 puta-

410 3041 506 3080 bam
527 3053 590 3080 me
610 3039 756 3079 lucrari
784 3051 899 3091 posse
921 3039 1026 3083 Deo,
1048 3045 1093 3076 ut
1123 3037 1329 3077 nobiscum

413 3102 518 3135 esset
536 3110 576 3135 111
599 3094 865 3142 monasterio;
896 3093 1010 3146 quasi
1037 3106 1215 3140 securus,
1237 3093 1333 3146 quia

413 3151 525 3192 locus
543 3150 722 3191 habebat
741 3148 987 3203 episcopum.
1031 3147 1334 3201 Apprehensus,

412 3206 620 3261 presbyter
637 3205 766 3244 factus
785 3217 888 3250 sum,
905 3210 946 3244 et
961 3217 1029 3258 per
1046 3203 1152 3243 hunc
1166 3202 1334 3256 gradum

411 3262 575 3316 perveni
617 3261 667 3301 ad
708 3274 772 3314 epi
762 3260 998 3323 ’.5309310111-
1069 3259 1164 3299 Non
1205 3257 1336 3298 adtuli

413 3317 583 3380 aliquid,
619 3329 700 3356 non
735 3314 826 3355 veni
859 3315 909 3355 ad
949 3315 1054 3354 hanc
1092 3312 1331 3360 Ecclesiam,

413 3372 490 3412 nisi
512 3386 604 3412 cum
625 3370 674 3410 iis
693 3370 940 3410 indumentis
961 3370 1107 3422 quibus
1133 3369 1204 3409 illo
1232 3374 1333 3409 tem

413 3441 506 3507 pore
548 3426 791 3468 vestiebar.’'
875 3425 1016 3469 Suam,
1053 3437 1176 3477 quam
1218 3430 1337 3464 vocat

432 3490 623 3523 ‘tenuem
649 3480 974 3553 paupertatulam
1007 3482 1099 3533 (530
1128 3484 1331 3534 “paucos

413 3538 611 3591 agellulos
630 3536 848 3591 paternos”
877 3536 957 3590 Ep.
974 3535 1068 3576 126.
1091 3536 1127 3586 §.
1147 3534 1330 3588 6.)ven-

414 3593 584 3641 diderat,
605 3599 644 3633 et
657 3591 909 3655 pauperibus
938 3595 1188 3644 erogaverat,
1209 3596 1254 3630 ut
1282 3589 1333 3630 de

412 3660 615 3688 commum
629 3647 803 3696 viveret
821 3647 874 3700 (“
888 3659 1101 3686 commune
1117 3652 1250 3685 autem
1269 3658 1339 3686 no-

1378 1822 1428 1861 de
1449 1835 1529 1874 qua
1551 1823 1751 1863 Dominus
1773 1823 1930 1864 locutus
1945 1833 2005 1863 est
2024 1826 2128 1864 Mat.
2150 1827 2214 1873 19,
2233 1828 2301 1867 21.

1382 1876 1636 1918 vehementer
1650 1878 1925 1919 adamaverit’·
1935 1880 2034 1934 (Ep.
2057 1881 2149 1920 157.
2165 1882 2198 1933 ᾧ.
2215 1882 2302 1944 393)

1385 1941 1454 1971 et·
1463 1934 1583 1972 solo
1603 1934 1709 1973 victu
1741 1934 1794 1974 ad
1828 1934 2100 1975 valetudinem
2132 1936 2302 2007 corporis

1387 1988 1611 2028 necessario
1651 1996 1864 2029 contentus
1903 2003 1989 2031 esse
2039 1990 2301 2032 decreverit.''

1390 2042 1465 2097 (de
1489 2043 1575 2083 util.
1596 2044 1703 2084 cred.
1730 2045 1766 2095 ς.
1787 2043 1851 2096 3.)

1447 2098 2302 2155 bVid.sup...l.vi...§3p85.c15..p

1388 2154 1455 2194 95.
1476 2161 1516 2193 et
1534 2160 1616 2193 not.
1639 2168 1691 2194 111.
1713 2161 1753 2194 et
1780 2155 1894 2194 Actt.
1926 2155 2082 2195 Eccles.
2120 2154 2164 2196 S.
2194 2155 2304 2217 Aug.

1391 2210 1470 2262 Ep.
1491 2211 1617 2249 2]3.·
1625 2214 1754 2248 ‘ante
1787 2209 1990 2249 meridiem
2011 2218 2051 2250 et
2073 2218 2159 2264 post
2186 2210 2303 2249 meri-

1391 2264 1496 2304 diem
1518 2264 1853 2319 occupationibus
1873 2264 2076 2305 hominum
2095 2265 2304 2318 implicor''

1386 2320 1451 2359 ub.
1462 2319 1566 2374 plur.
1580 2322 1682 2360 etde
1696 2334 1759 2374 op.
1774 2321 2018 2372 Monach.§.
2033 2322 2130 2360 37.‘
2140 2320 2305 2360 Domi·

1386 2388 1481 2414 num
1497 2375 1654 2424 Jesum,
1669 2377 1708 2414 in
1726 2376 1840 2428 cujus
1862 2376 2021 2415 nomine
2038 2390 2201 2415 securus
2219 2376 2305 2416 haec

1386 2430 1491 2477 dico,
1513 2437 1653 2471 testem
1671 2431 1811 2471 invoco
1829 2444 1949 2492 super
1962 2431 2137 2471 animam
2158 2444 2305 2478 meam,

1387 2485 1577 2538 quoniam
1626 2493 1822 2539 quantum
1868 2485 2026 2526 adtinet
2074 2486 2125 2526 ad
2174 2499 2304 2526 meum

1384 2541 1655 2586 commodum,
1678 2543 1803 2581 multo
1835 2542 1999 2580 mallem
2029 2554 2097 2596 per
2128 2541 2306 2594 singulos

1385 2597 1472 2637 dies
1490 2598 1609 2636 certis
1642 2597 1761 2643 110115,
1785 2602 1982 2650 quantum
2015 2598 2055 2635 in
2087 2598 2192 2636 bene
2222 2610 2306 2635 mo-

1387 2653 1535 2692 deratis
1563 2651 1814 2692 monasteriis
1841 2655 2102 2692 constitutum
2136 2659 2212 2700 est,
2234 2650 2305 2690 ali-

1387 2707 1484 2761 quid
1515 2707 1702 2747 manibus
1731 2707 1903 2761 operari,
1933 2714 1974 2747 et
2007 2715 2161 2747 ceteras
2191 2682 2307 2745 lioras

1386 2763 1534 2803 habere
1564 2763 1616 2802 ad
1651 2764 1715 2815 leg
1717 2763 1865 2802 endum
1904 2770 1944 2802 et
1981 2762 2191 2807 orandum,
2235 2769 2304 2800 aut

1389 2817 1544 2871 aliquid
1571 2818 1621 2858 de
1644 2818 1790 2858 divinis
1812 2818 1951 2857 litteris
1977 2817 2177 2870 agendum
2205 2816 2306 2856 libe·
2338 2852 2341 2858 ,

1390 2887 1467 2922 135,
1481 2886 1603 2925 quam
1623 2873 2002 2913 tumultuosissimas
2022 2870 2309 2933 perplexitates

1386 2942 1618 2968 caussarum
1660 2928 1882 2967 alienarum
1924 2926 2006 2982 pati
2043 2927 2093 2966 de
2136 2926 2307 2978 negotiis

1388 2983 1664 3030 saecularibus,
1678 2983 1742 3022 vel
1750 2983 1975 3036 =judicando
1986 2981 2234 3026 dirimendis,
2246 2981 2308 3021 vel

1387 3014 1691 3078 interveniendo
1721 3037 2015 3088 praecidendis.
2060 3038 2207 3090 quibus
2238 3050 2308 3076 1105

1390 3093 1584 3133 molestiis
1630 3092 1736 3132 idern
1785 3092 1912 3132 affixit
1951 3092 2187 3146 Apostolus,
2229 3104 2309 3131 0011

1390 3149 1530 3201 utique
1551 3160 1641 3196 su0,
1661 3147 1730 3187 sed
1751 3146 1851 3200 ejus,
1872 3146 1940 3200 qui
1961 3161 2031 3201 per
2048 3160 2139 3187 eum
2169 3147 2309 3199 loque-

1391 3204 1525 3249 batur,
1547 3202 1724 3242 arbitrio.
1783 3202 1939 3243 Omitto
1960 3203 2062 3243 alias
2080 3204 2308 3242 innumera-

1392 3259 1495 3299 biles
1523 3257 1815 3299 ecclesiasticas
1843 3271 1974 3304 curas,
2007 3271 2108 3311 quas
2144 3257 2308 3296 sortasse
2336 3283 2342 3294 -.
2376 3263 2378 3265 '

1389 3327 1508 3354 nemo
1528 3312 1656 3353 credit
1677 3312 1752 3352 nisi
1771 3312 1840 3366 qui
1861 3319 2049 3376 expertus
2080 3318 2156 3353 est.
2213 3312 2309 3351 Non

1390 3373 1514 3422 ergo‘
1536 3368 1748 3421 alligamus
1768 3381 1888 3409 onera
1907 3368 2060 3421 gravia,
2079 3374 2118 3407 et
2137 3366 2311 3407 humeris

1393 3424 1534 3465 vestris
1563 3423 1805 3492 imponimus
1840 3437 1932 3476 quae
1969 3437 2039 3463 nos
2070 3422 2195 3474 digito
2231 3434 2309 3461 non

1387 3478 1631 3531 tangimus*
1662 3479 1991 3532 quandoquidem
2020 3478 2052 3518 si
2076 3477 2194 3518 officii
2217 3490 2306 3516 nos-

1388 3534 1439 3575 tri
1478 3533 1592 3574 salva
1630 3534 1784 3574 ratione
1822 3546 2044 3588 possemus,

413 3701 475 3743 bis
492 3710 597 3744 esset
611 3715 806 3756 magnum
825 3708 867 3743 et
882 3701 1127 3743 uberrimum
1143 3700 1342 3755 praedium
1398 3713 1489 3755 quae
1511 3713 1583 3740 nos
1601 3712 1718 3753 agere
1738 3698 1947 3753 cogimur!

1390 3587 1459 3644 qui
1485 3589 1627 3644 probat
1646 3589 1768 3629 corda
1789 3595 1922 3629 nostra
1928 3588 1963 3640 ,)
1983 3533 2211 3629 11111113111111115ι
2224 3531 2310 3625 1111111

1398 3657 1532 3698 agere,
1552 3658 1640 3698 quae
1659 3651 1704 3684 ut
1724 3643 1852 3697 agatis
1871 3643 2090 3691 hortamur,
2109 3654 2230 3695 quam
2261 3652 2310 3680 ea
2373 3647 2378 3684 j
