2378 4134
590 383 1073 445 LEOTIONES
1144 382 1648 444 VARIANTES.
1686 346 1692 356 ’

154 660 318 704 Relatis
338 660 382 703 in
409 665 583 713 temtum,
604 675 659 704 ex
681 661 1050 705 Benedictinornm
1077 659 1270 713 coneilio,
1289 659 1505 704 nonnullis
1530 653 1803 702 Variantibiu
1827 658 2097 703 Lectionibus

211 734 307 777 quoe
325 720 423 763 illos
435 720 751 776 praterierant,
760 721 884 777 prins
903 723 955 764 ab
970 721 1072 778 ipsis
1081 725 1325 778 usurpatam
1339 718 1553 764 lectionem
1566 719 1643 762 nib
1659 718 1802 761 oculo»
1819 718 1888 761 liic
1899 719 2098 775 ponimus

211 779 330 822 uncie
350 779 549 822 inclusam
573 775 595 837 [
655 779 696 839 ].

155 859 203 902 Si
225 873 329 916 quas
350 859 560 911 lectiones,
582 859 635 902 iis
661 875 763 916 quas
796 861 842 902 in
873 866 1030 904 textum
1057 864 1314 915 receperant,
1338 856 1620 909 Benedictini‚
1642 857 1755 900 curis
1774 856 2097 913 posterioribus,

203 919 500 974 praetulerunt,
518 919 732 962 lec-tionem
742 919 930 975 priorem
946 919 1063 962 uncis
1078 919 1294 968 inclusam,
1312 919 1509 974 (posted.
1527 917 1604 959 ult.
1622 917 1784 969 Pari-5.)
1806 915 2066 959 exhibuimus
2076 933 2092 964 ;

210 978 248 1018 si
261 992 342 1034 qua
357 978 494 1020 editor
510 978 584 1020 ille
601 978 742 1021 Paris.
762 978 983 1022 editionem
999 978 1315 1021 Benedictiuam
1329 976 1579 1027 emendavit,
1594 977 1664 1019 vel
1676 990 1751 1019 nos
1763 975 1865 1018 edit.
1882 975 2099 1018 Pari-vien-

208 1050 291 1079 sem
314 1037 633 1089 immutavimus,
658 1037 872 1080 lectionem
886 1037 1076 1094 priorem
1097 1051 1188 1080 cum
1209 1037 1347 1079 verbis
1365 1037 1434 1079 ed.
1459 1037 1530 1087 B.,
1551 1035 1624 1078 ed.
1643 1037 1710 1088 Ρ.,
1730 1034 2020 1138 ειιρἱειὲιοᾶιαδι

1922 1127 1931 1136 .
2023 1107 2095 1136 on.

716 1173 1008 1208 stelionum
1042 1171 1535 1208 1NTER1’RETAT10.

1209 1246 1314 1297 Reg.
1348 1243 1500 1297 Regius
1519 1243 1825 1300 manuscriptus.

1209 1300 1342 1340 Vatic.
1378 1298 1600 1339 Vaticanus
1624 1299 1926 1354 manuscriptus.

1206 1353 1444 1393 Theoderic.
1472 1354 1506 1392 T
1511 1353 1804 1394 heodericensis
1821 1367 1896 1396 ms,

531 1421 584 1460 Et
601 1420 655 1461 sic
675 1421 726 1461 de
745 1421 898 1461 caeteris
919 1421 1198 1475 manuscriptis
1218 1418 1423 1459 codicibus
1444 1418 1716 1471 designandis.

205 1245 311 1285 Cdd.
338 1245 509 1286 codices.

205 1301 308 1340 Mss.
336 1300 607 1355 manuscripti.

207 1353 312 1394 Edd.
341 1354 450 1394 editi.

915 1508 1045 1549 Codd.
1067 1509 1328 1550 Oxonienses.

1205 1578 1260 1618 D.
1290 1577 1393 1617 Cod.
1417 1577 1609 1617 Biblioth.
1632 1577 1749 1617 Bodl.
1770 1577 1873 1618 Bod.
1899 1579 1989 1619 185.

1208 1633 1256 1672 E.
1287 1631 1427 1685 Ejusd.
1450 1632 1578 1672 Laud.
1601 1633 1694 1672 137.

203 1578 254 1617 A.
292 1577 394 1617 Cod.
415 1578 520 1618 Coll.
543 1579 640 1617 AEn.
661 1579 762 1618 Nas.

205 1631 258 1674 B.
286 1633 388 1673 Cod.
409 1632 514 1672 Coll.
533 1634 707 1672 Merton.
730 1634 783 1672 N.
803 1634 843 1672 3.
866 1635 930 1674 10.
952 1633 1039 1673 Art.

206 1687 255 1726 C.
285 1686 423 1740 Ejusd.
442 1688 498 1727 N.
523 1689 559 1728 l.
584 1689 618 1727 l.
639 1688 730 1727 Art.

192 1755 270 1795 Ubi
291 1767 382 1795 vero
399 1756 437 1795 hi
457 1755 628 1796 Codices
645 1769 736 1795 cum
760 1763 868 1796 textu
891 1763 1046 1812 recepto
1066 1756 1321 1803 conveniunt,
1337 1754 1375 1794 id
1399 1761 1532 1795 notare
1554 1755 1657 1795 haud
1683 1768 1841 1796 necesse
1858 1754 2058 1796 duximus.

149 1830 348 1870 Caeterum
379 1830 442 1870 hic
474 1830 555 1870 illie
586 1830 698 1882 signa
730 1829 798 1869 illa
828 1830 971 1870 usitati
1002 1830 1288 1884 usurpavimus,
1318 1849 1376 1877 =,
1408 1830 1437 1869 si
1461 1843 1519 1870 vc.
1542 1830 1726 1870 omissum
1757 1830 1820 1878 sit,
1843 1840 1877 1877 †,
1899 1831 1931 1869 si
1962 1831 2087 1870 textui

988 1886 1167 1926 additum
1191 1885 1255 1923 sit.

204 2121 253 2160 Ρ,
278 2122 311 2159 l.
338 2120 364 2158 l.
385 2123 425 2160 5.
454 2120 823 2159 resistis.-Somm.
856 2121 954 2159 Lov.
974 2122 1088 2175 quin·
1148 2121 1249 2159 Mss.
1270 2133 1423 2161 necnon
1451 2121 1530 2160 duo
1557 2120 1665 2174 apud
1698 2121 1821 2160 Mart.
1859 2121 1963 2160 Mss.
2003 2122 2092 2159 Siue

146 2187 222 2226 que
270 2176 372 2214 Mss.
413 2175 517 2228 apud
569 2175 689 2214 Mart.
727 2174 896 2221 laudati,
937 2189 1089 2216 necnon
1145 2189 1214 2213 me.
1248 2176 1336 2214 BE.
1359 2177 1398 2215 D
1421 2189 1540 2215 manu
1562 2183 1663 2229 post.

149 2228 284 2268 Rond.
319 2241 408 2269 cum
449 2228 571 2267 tribus
612 2230 712 2268 Mss.
752 2232 930 2281 superbis,
972 2231 1087 2279 Deus,
1200 2229 1542 2269 mortalem—Ita
1578 2231 1680 2269 Mss.
1710 2229 1830 2269 ferme
1864 2241 2014 2274 omnes,
2051 2238 2091 2269 et

146 2286 294 2322 resistis.
326 2283 468 2335 [bene]
1145 2282 1267 2323 editio
1290 2297 1357 2337 per
1385 2284 1606 2324 Antonium
1631 2284 1861 2322 ·Arnaldum
1889 2283 2089 2323 doctorem

201 2339 226 2376 l.
247 2339 283 2376 9.
316 2344 356 2376 et
372 2337 576 2377 scire.—et
597 2340 626 2375 si
646 2341 739 2377 scire
761 2339 936 2378 ABCD,
1146 2337 1403 2378 Sorbouicum
1433 2338 1641 2386 adornata,
1666 2338 1734 2377 ubi
1761 2338 1936 2383 verbum,
1955 2341 2089 2382 nescio.

201 2392 227 2430 l.
253 2393 316 2430 ll.
338 2399 433 2431 =te
464 2393 601 2431 Germ.
630 2393 669 2431 2.
699 2406 761 2446 ap.
801 2394 924 2432 Mart.
958 2395 1089 2436 ABC.

147 2445 267 2486 habet
290 2446 327 2485 D
351 2459 469 2485 manu
492 2454 592 2498 post.

201 2503 240 2539 2.
268 2499 709 2539 inferis.—'l'heoderic.
757 2502 839 2539 Ms.
885 2515 950 2554 ego
1007 2518 1085 2541 snm

148 2556 278 2608 inferi,
300 2568 378 2594 non
395 2555 659 2594 intoleranter.
708 2554 790 2593 Alii
811 2555 1000 2608 plerique,
1023 2572 1087 2610 ego

135 2611 224 2657 jam
253 2610 382 2661 inferi,
411 2609 654 2648 librariorum
687 2608 816 2662 lapsu,
847 2616 889 2649 ut
918 2610 1085 2651 videtur.

150 2664 391 2702 E.-Rond.
409 2676 498 2702 cum
522 2675 598 2702 uno
617 2662 775 2702 codice:
806 2679 876 2702 non
898 2667 993 2703 enim
1022 2680 1088 2716 ego

147 2732 226 2755 sum
247 2720 283 2756 in
306 2719 453 2769 inferis.
484 2723 556 2755 ῐεοη
574 2719 669 2756 enim
688 2732 752 2770 ego
767 2732 847 2756 sum
855 2722 940 2769 jam
959 2723 997 2758 in
1015 2722 1087 2772 inf.

147 2772 262 2811 ABC
285 2774 460 2821 sumjam
482 2770 597 2823 inferi
619 2772 672 2811 D.

203 2834 244 2864 ut
262 2834 562 2879 quoquam—ut
591 2842 614 2864 α
643 2840 822 2878 quoquam
851 2828 876 2866 2
900 2828 999 2867 Mss.
1023 2841 1085 2882 ap.

147 2880 268 2919 Mart.
294 2882 389 2919 Lov.
412 2880 587 2919 ABDE.

201 2934 726 2988 dissiparis.-Antiquiores
754 2932 844 2973 edd.
879 2935 1028 2975 scilicet
1063 2949 1086 2975 a

149 2988 301 3028 Jodoco
330 2988 460 3029 Badio
490 2988 697 3034 Ascensio,
718 3000 740 3027 a
760 2989 918 3029 Joanne
944 2991 1083 3030 Amer-

146 3042 301 3089 bacbio,
319 3053 359 3082 et
379 3056 402 3082 a
423 3043 630 3082 Desiderio
651 3043 830 3088 Erasmo,
850 3057 937 3083 cum
962 3045 1085 3084 tribus

149 3097 250 3136 MSS.
268 3100 502 3148 dispergeris.

1143 2391 1308 2431 refertur
1345 2391 1396 2431 ad
1434 2393 1670 2447 superiorem
1706 2391 1954 2438 sententiam,
1988 2394 2090 2431 unde

1144 2449 1308 2485 venerim
1336 2447 1422 2492 huc,
1444 2460 1521 2500 qua
1553 2461 1593 2486 se
1620 2446 1868 2498 Augustinus
1894 2445 2090 2496 significat

1143 2499 1246 2539 circa
1270 2501 1412 2540 animae
1432 2503 1621 2553 originem
1647 2500 1851 2540 fluctuare.
1902 2498 1960 2539 At
1980 2499 2087 2540 Bad.

1144 2553 1236 2592 Am.
1257 2563 1295 2594 et
1317 2557 1381 2594 Er.
1404 2555 1573 2595 habent:
1609 2558 1646 2594 iri
1670 2559 1775 2593 istam
1795 2557 1877 2594 dico
1895 2555 2087 2593 mortalem

1143 2611 1278 2647 vitum:
1319 2612 1507 2649 mortalem
1537 2614 1660 2649 dicam
1693 2613 1826 2657 vitam,
1859 2623 1910 2647 an
1936 2617 2088 2648 mortem

1144 2664 1293 2702 vitalem
1306 2666 1442 2703 nescio.-
1464 2678 1583 2715 quam
1599 2664 1806 2703 lectionem
1821 2663 2088 2703 Lovanienses

1144 2717 1194 2756 ad
1212 2717 1327 2757 trium
1344 2720 1448 2759 Mss.
1460 2718 1577 2759 fidem
1597 2719 1653 2758 sic
1669 2724 1891 2758 mutarunt:
1923 2720 1964 2756 in
1977 2720 2087 2757 istam

1143 2773 1264 2810 dicum
1293 2776 1480 2812 mortalem
1510 2777 1637 2820 vitam,
1667 2788 1716 2811 au
1741 2781 1893 2812 mortem
1924 2773 2085 2817 vitalem,

1143 2830 1277 2867 nescio.

1195 2882 1468 2936 quo—Apud
1498 2881 1600 2922 Bad.
1621 2882 1716 2920 Am.
1746 2882 1814 2920 Er.
1838 2888 1877 2921 et
1910 2881 2007 2920 Lov.
2036 2895 2085 2920 ex

1141 2949 1213 2986 qua
1233 2939 1325 2975 etin
1346 2952 1432 2988 qua.
1465 2936 1607 2976 Verius
1637 2948 1751 2988 porro
1783 2936 1822 2974 in
1853 2936 1955 2974 Mss.
1975 2942 2014 2975 et
2045 2935 2086 2974 in

1142 2987 1313 3030 editione
1337 2991 1496 3031 Antonii
1520 2991 1618 3030 Arn.
1635 3003 1705 3044 pro
1717 2989 1963 3043 designando
1980 2996 2083 3029 utro-

1141 3056 1217 3095 que
1241 3053 1415 3095 parente,
1436 3059 1484 3085 es:
1504 3060 1575 3097 quo
1593 3054 1627 3084 et
1648 3047 1688 3083 in
1706 3060 1792 3095 qna.

1195 3098 1392 3138 eis—lta
1443 3099 1593 3139 Somm.
1633 3099 1742 3137 Dub.
1783 3099 1908 3137 Mart.
1950 3096 2085 3136 Rond.

201 3151 228 3190 l.
254 3152 312 3189 12.
344 3152 399 3191 tui
424 3171 462 3185 =
481 3161 547 3190 tua
576 3153 601 3190 3
633 3153 734 3191 Mss.
758 3152 836 3193 διο.
867 3165 929 3205 ap.
958 3154 1082 3192 Mart.
1138 3163 1227 3190 cum
1249 3160 1418 3205 quatuor
1438 3155 1540 3193 Mss.
1560 3153 1660 3204 [Ed.
1678 3154 1726 3192 B.
1743 3154 1838 3203 quod
1858 3165 1907 3190 ex
1926 3153 1977 3190 eis
1996 3165 2086 3191 non.

147 3204 364 3245 ABCDE.

199 3261 403 3311 qui.—Ita
449 3262 598 3299 Somm.
636 3259 746 3298 Dub.
786 3259 908 3298 Mart.
948 3260 1080 3299 Rond.

146 3313 244 3364 [Ed.
268 3315 315 3354 B.
340 3329 438 3366 quoe.
459 3328 494 3354 c.
518 3314 670 3354 ABCE
690 3329 759 3364 qum
784 3314 859 3365 D.]

201 3368 241 3407 3.
270 3369 655 3409 amisisti.—Sornm.
707 3368 806 3406 Flor.
854 3375 895 3406 et
950 3367 1085 3408 Rond.

147 3424 299 3461 amittis.

200 3476 590 3516 ‹liximus.--Somm.
623 3475 759 3515 Rond.
791 3489 880 3515 cum
903 3488 981 3514 uno
1004 3476 1086 3514 Ms.

144 3532 315 3570 dicimus.

198 3585 377 3623 est.-ln
408 3583 580 3637 antiquis
599 3583 691 3623 edd.
717 3583 820 3623 Bad.
842 3585 929 3622 Am.
953 3591 991 3622 et
1011 3584 1077 3623 Er.

148 3651 298 3677 necnon
321 3639 358 3678 in
380 3651 457 3678 uno
477 3651 500 3677 e
521 3640 621 3678 Mss.
642 3637 815 3685 additur,
837 3639 999 3677 miseria.

200 3694 237 3732 4.
272 3694 582 3734 Sine—Somm.
602 3699 639 3733 et
665 3691 796 3733 Rond.
825 3705 914 3731 cum
944 3703 1079 3732 novem

1138 3204 1374 3259 Ancon]

1193 3261 1232 3298 5.
1260 3261 1551 3299 tibi.—Somm.
1575 3260 1672 3299 Lov.
1696 3259 1828 3300 Rond.
1856 3272 1905 3299 ex
1933 3259 2086 3312 aliquot

1141 3313 1243 3352 Mss.
1264 3322 1304 3354 et
1320 3315 1344 3352 4
1361 3315 1462 3354 Mss.
1479 3327 1542 3367 ap.
1566 3315 1689 3354 Mart.
1708 3322 1933 3366 quoerentem
1951 3322 2000 3362 te,
2021 3317 2086 3366 qui

1141 3369 1186 3406 de
1205 3368 1286 3416 hoc,
1305 3371 1400 3420 quod
1419 3371 1515 3413 novi,
1536 3369 1688 3407 laudari
1709 3378 1756 3408 te.

1197 3420 1558 3463 deficiunt.-Lov.
1599 3438 1649 3461 an
1696 3426 1790 3462 anni
1826 3424 1898 3462 tui.
1959 3423 2086 3463 Abest

1143 3482 1275 3515 tamen
1302 3492 1367 3522 an,
1387 3491 1408 3517 a
1431 3477 1570 3516 nostris
1592 3478 1691 3517 Mss.
1709 3485 1747 3516 et
1766 3477 1817 3516 ab
1838 3476 1927 3516 aliis
1974 3477 2083 3518 letis·

1140 3543 1216 3581 que
1236 3530 1568 3584 edd.—lnsuper,
1588 3532 1738 3570 Somm.
1767 3539 1807 3571 et
1839 3531 1929 3572 Ron
1961 3561 1972 3572 .
1991 3545 2082 3573 cum

1138 3597 1206 3623 sex
1226 3585 1345 3632 Mss.,
1372 3588 1385 3624 l
1411 3599 1475 3638 ap.
1496 3586 1634 3631 Mart„
1656 3586 1703 3625 E.
1733 3587 1918 3638 deficient.

1140 3692 1182 3731 Μ
1192 3638 1265 3678 ult.
1313 3639 1764 3694 intelligat.—intelligic
1813 3643 1839 3681 3
1879 3641 1981 3682 Mss.
2017 3655 2082 3695 ap.

1191 3701 1265 3733 art.
