2378 4134
567 252 1171 311 CONFESSIONUM
1207 251 1448 305 LIBER
1465 251 1553 303 X.
1881 256 1982 308 171

138 391 257 463 ipse
293 393 375 442 est
409 387 551 440 enim
589 385 684 457 qui
723 384 908 452 genuit
952 401 1038 436 me
1078 390 1133 438 et
1172 388 1351 436 tuetur
1386 398 1472 434 me
1494 400 1506 432 :
1561 386 1616 433 et
1653 385 1715 432 tu
1755 381 1876 450 ipse
1926 399 1985 435 es

139 475 316 530 omnia
338 475 480 525 bona
503 490 638 534 mea,
663 480 723 523 tu
748 470 1086 539 omnipotens
1112 469 1207 539 qui
1240 483 1453 520 mecum
1487 484 1562 529 eS‚
1589 471 1644 518 et
1666 466 1985 536 priusquam

137 568 311 615 tecum
337 557 452 609 sim.
527 555 791 608 Indicabo
818 573 944 622 ergo
969 554 1167 608 talibus
1195 553 1446 623 qualibus
1464 550 1628 621 jubes
1654 558 1715 602 ut
1740 552 1983 616 serviam,

137 662 244 699 non
282 642 403 713 quis
438 641 646 704 fuerim,
681 639 776 692 sed
814 640 936 709 quis
962 638 1078 709 jam
1111 639 1229 702 sim,
1256 637 1459 706 etquis
1496 635 1674 688 adhuc
1714 636 1816 688 sim
1835 657 1850 700 3
1888 638 2186 736 sedng-A,

136 746 307 799 neque
331 727 592 793 meipsum
620 725 862 794 dijudico
879 744 894 775 .·
939 724 1016 776 sic
1042 723 1225 793 itaque
1252 721 1452 774 audiar.
2028 723 2040 736 ⁶

207 819 254 864 7.
301 812 378 863 Τιι
397 811 555 873 enim,
576 811 826 873 Domine,
846 810 1122 878 dijudicas
1145 826 1247 871 me,
1265 807 1392 876 quia
1407 806 1507 858 etsi
1526 824 1680 858 nemo
1694 809 1797 858 scit
1813 808 1983 858 homi·
2070 812 2123 853 V·

134 917 261 953 num
277 915 390 967 quae
406 902 532 947 sunt
547 897 796 958 homz'nz'S,
815 897 925 947 wisi
948 895 1176 962 spiritu-s·
1194 894 1426 944 hominis
1445 893 1615 961 quiin
1632 893 1746 958 ipso
1769 899 1848 944 est
1858 914 1875 950 ;
1905 899 1983 945 ta·
2001 866 2166 960 Ξξῗξᾏ

133 1001 254 1037 men
273 988 353 1035 est
377 980 583 1050 aliquid
607 981 841 1032 hominis
859 979 1004 1049 quod
1022 997 1120 1031 nec
1135 978 1252 1047 ipse
1270 978 1371 1030 scit
1397 977 1614 1046 spiritus
1629 977 1865 1029 hominis
1892 978 1986 1047 qui
2000 980 2185 1069 ἑῑὲῐῖὴῡοῐὶ

131 1071 322 1139 inipso
348 1075 457 1128 est3
499 1075 555 1118 tu
581 1074 775 1130 autem,
794 1066 1044 1130 Domine,
1063 1066 1169 1118 scis
1190 1064 1233 1134 ej
1242 1083 1304 1116 us
1321 1065 1500 1116 omnia
1520 1064 1614 1134 qui
1640 1064 1813 1116 fecisti
1839 1082 1980 1116 eum.
2003 1094 2017 1131 1
2039 1059 2131 1136 Cor..
2144 1096 2184 1142 4,

132 1155 251 1221 Ego
275 1170 398 1204 vero
433 1153 675 1222 quamvis
713 1170 822 1221 prae
857 1159 949 1203 tuo
986 1156 1278 1219 conspectu
1306 1168 1390 1200 me
1427 1149 1739 1217 despiciam,
1766 1157 1820 1201 et
1844 1149 1982 1202 aesti-
1998 1148 2037 1186 3.

131 1256 267 1291 mem
305 1256 388 1289 me
429 1244 630 1289 terram
670 1243 723 1288 et
761 1239 1032 1292 cinerem;
1079 1242 1254 1287 tamen
1294 1234 1501 1303 aliquid
1528 1234 1593 1285 de
1621 1241 1672 1285 te
1699 1235 1810 1286 scio
1837 1233 1984 1304 quod

131 1324 195 1376 de
217 1342 300 1374 me
325 1324 523 1374 nescio.
600 1324 675 1373 Et
701 1331 840 1374 certe
867 1322 1107 1372 videmus
1132 1339 1278 1372 mmo
1305 1337 1408 1386 per
1433 1322 1708 1386 speculum
1734 1322 1792 1371 in
1820 1322 1982 1387 aem'q-
2000 1326 2064 1398 Ifi-
2089 1327 2154 1372 13,

128 1415 286 1471 mate,
311 1408 549 1459 nondum
570 1410 729 1477 fizez'e
762 1409 838 1459 ad
854 1409 1066 1476 faeiem
1087 1426 1101 1456 .·
1147 1413 1201 1458 et
1224 1405 1346 1457 ideo
1374 1406 1634 1475 quamdiu
1661 1382 2182 1490 pereqrinorydona

126 1494 218 1547 abs
243 1500 309 1556 te,
335 1493 467 1544 mihi
501 1512 615 1544 sum
654 1493 966 1562 praesentior
991 1510 1152 1561 quam
1177 1492 1294 1554 tibi,
1321 1499 1374 1543 et
1398 1500 1576 1543 tamen
1603 1498 1654 1542 te
1681 1492 1807 1542 novi
1831 1493 1980 1543 nullo
1997 1500 2037 1538 6.

125 1578 280 1631 modo
317 1597 475 1647 posse
511 1579 728 1641 violari3
775 1597 874 1645 ego
912 1596 1035 1630 vero
1075 1578 1272 1646 quibus
1311 1577 1698 1628 tentationibus
1736 1578 1979 1630 resistere

125 1665 342 1726 valeam,
361 1664 620 1732 quibusve
645 1682 754 1715 non
780 1665 1003 1726 valeam,
1020 1663 1220 1715 nescio.
1285 1664 1360 1713 Et
1380 1681 1502 1731 spes
1522 1668 1620 1725 est,
1641 1664 1980 1730 quiafidelz's
1998 1656 2179 1749 {gh-¹⁰·

122 1767 193 1812 es,
209 1750 409 1818 quinos
426 1767 530 1800 non
550 1751 682 1799 ,ςὶηιῖς
704 1751 907 1800 tentari
925 1767 1092 1814 supra
1113 1766 1275 1817 quam.
1295 1749 1764 1816 possennus-ferre,
1780 1749 1976 1817 sedfa-
2051 1740 2060 1750 ”

123 1836 198 1886 cis
215 1852 333 1886 cum
357 1836 651 1887 tentatione
670 1836 835 1886 etiam
858 1837 1067 1885 exitum
1092 1840 1150 1885 ut
1172 1836 1437 1900 possimus
1451 1836 1732 1885 sustinere.
1793 1835 1977 1887 Confi-

123 1926 232 1971 tear
255 1938 379 1987 ergo
407 1919 538 1988 quid
565 1919 630 1971 de
655 1938 739 1970 ine
768 1920 950 1983 sciam,
979 1919 1236 1971 confitear
1262 1927 1315 1970 et
1342 1919 1475 1988 quid
1502 1918 1566 1969 de
1601 1937 1685 1969 me
1720 1920 1974 1971 nesciam.

124 2004 387 2064 Quoniam
425 2012 478 2056 et
516 2004 661 2073 quod
698 2004 764 2056 de
802 2023 886 2055 me
928 2005 1057 2067 scio,
1085 2011 1134 2054 te
1160 2004 1294 2054 mihi
1322 2005 1532 2055 lucente
1562 2005 1708 2067 scio3
1750 2011 1803 2056 et
1830 2005 1976 2074 quod

123 2088 187 2141 de
211 2107 294 2140 me
318 2090 518 2151 nescio,
545 2090 751 2141 tamdiu
784 2090 983 2155 nesciO,
1013 2089 1182 2141 donec
1205 2090 1367 2156 fiant
1407 2089 1630 2141 tenebrce
1669 2108 1796 2142 meae
1835 2093 1975 2143 sicat
1992 2091 2046 2185 {³}
2066 2092 2134 2135 58,

120 2175 367 2226 meridies
391 2175 447 2225 in
473 2176 624 2226 vultu
648 2182 756 2227 tuo.
2047 2173 2057 2183 ”

191 2264 237 2311 8.
280 2262 403 2311 Non
431 2260 596 2312 dubia
622 2261 716 2312 sed
742 2267 886 2313 certa
911 2260 1256 2324 conscientia,
1284 2261 1534 2324 Domine,
1563 2280 1682 2313 amo
1710 2269 1776 2313 te.
1848 2262 1973 2313 Per·
2047 2262 2123 2333 ΥῘ-

118 2346 330 2397 cussisti
358 2363 449 2397 cor
472 2364 649 2397 meum
675 2348 837 2397 verbo
864 2353 976 2409 tue,
1003 2354 1055 2397 et
1091 2346 1265 2397 amavi
1302 2352 1368 2397 te.
1448 2346 1555 2398 Sed
1592 2354 1645 2397 et
1679 2349 1893 2410 eoelzcm,
1919 2355 1972 2398 et
1988 2317 2109 2414 ἓξὲξ

117 2437 282 2493 terra,
307 2438 359 2482 et
394 2432 714 2498 omnialqaecae
741 2433 801 2482 in
825 2433 902 2482 eis
928 2438 1067 2495 sunt,
1095 2449 1221 2483 ecce
1253 2431 1491 2500 undique
1523 2432 1656 2482 mihi
1692 2431 1879 2484 dicunt
1914 2439 1973 2483 ut
1988 2439 2121 2518 ῧῑέἶῐῃ

117 2523 167 2566 te
207 2533 394 2576 amem,
428 2532 529 2566 nec
569 2523 780 2566 cessant
824 2515 998 2566 dicere
1043 2516 1293 2566 omnibus
1330 2523 1393 2566 *ut
1423 2519 1533 2567 sint
1564 2517 1971 2568 inexcusabiles:
1990 2543 2124 2583 a1nat;

117 2601 292 2650 Altius
314 2606 487 2651 autem
514 2607 573 2651 tu
596 2600 924 2651 misereberis
950 2601 1040 2651 cui
1061 2602 1310 2651 misertus
1329 2603 1452 2663 eris,
1471 2608 1523 2652 et
1546 2603 1970 2653 mesericordiam
1989 2597 2173 2683 ffio‘ffffgx

106 2687 392 2753 prcestabis
424 2690 515 2738 eui
552 2689 1044 2755 me‘serieorsficeris
1062 2706 1075 2736 .·
1122 2687 1361 2755 alioquin
1397 2689 1591 2739 coelum
1619 2695 1671 2739 et
1698 2695 1834 2740 terra
1861 2707 1971 2739 sur·
1987 2701 2174 2737 creaturis

117 2772 199 2824 dis
231 2774 523 2841 loquuntur
553 2772 739 2824 laudes
777 2780 910 2824 tuas.
989 2772 1133 2831 Quid
1172 2781 1347 2824 autem
1387 2791 1524 2835 amo,
1561 2792 1683 2825 cum
1719 2781 1770 2825 te
1810 2774 1967 2826 amo?
1987 2753 2151 2846 3ἷῖῗῆ

118 2858 243 2908 Non
289 2858 522 2925 speciem
568 2855 823 2926 corporis,
867 2875 966 2909 nec
1008 2857 1172 2909 decus
1218 2859 1491 2925 temporis,
1533 2876 1642 2909 non
1686 2859 1970 2910 candorem
1988 2841 2100 2900 eitiu.

114 2944 250 2995 lucis
275 2942 432 2996 ecce*
463 2945 579 2995 istis
616 2946 847 2996 amicum
881 2945 1069 3007 oculiS,
1096 2963 1204 2995 non
1241 2944 1425 2996 dulces
1459 2945 1724 2997 melodias
1752 2947 1967 2998 cantile-
1984 2925 2108 3018 {zoam
2134 2928 2170 2969 ¹·

115 3047 299 3081 narum
316 3031 757 3096 omnimodarum,
772 3050 881 3084 non
901 3033 1089 3083 florum
1116 3040 1168 3083 et
1192 3039 1584 3099 unguentorum
1606 3040 1659 3084 et
1674 3041 1966 3084 aromatum
1987 3047 2164 3092 1b‚9,15.

116 3115 543 3177 suaveolentiam,
569 3135 677 3167 non
702 3135 899 3169 manna
925 3125 978 3168 et
1002 3118 1178 3181 mella,
1204 3136 1313 3168 non
1339 3120 1576 3169 membra
1613 3118 1968 3186 acceptabilia

117 3198 290 3249 carnis
324 3201 676 3266 amplexibus.
755 3203 879 3252 Non
915 3202 1033 3254 haec
1065 3221 1201 3266 amo,
1230 3221 1350 3254 eum
1383 3221 1503 3253 amo
1535 3203 1714 3253 Deum
1750 3220 1963 3263 meum;

116 3291 170 3335 et
195 3293 369 3335 tamen
403 3303 520 3337 amo
547 3288 830 3355 quamdam
855 3289 1050 3350 lucem,
1078 3296 1131 3340 et
1158 3288 1444 3357 quamdam
1470 3307 1675 3350 vocem,
1703 3294 1756 3338 et
1782 3305 1964 3355 quem-

116 3369 239 3420 dam
282 3368 512 3432 odorem,
551 3378 604 3423 et
647 3372 932 3440 quemdam
972 3373 1170 3435 cibum,
1210 3380 1263 3424 et
1307 3372 1591 3442 quemdam
1636 3372 1964 3439 amplexum,

115 3471 236 3505 cum
274 3471 392 3505 amo
432 3455 607 3506 Deum
644 3474 839 3519 meum,
876 3457 1070 3519 lucem,
1109 3474 1312 3518 vocem,
1347 3457 1581 3520 odorem,
1620 3456 1819 3520 cibum,
1854 3474 1962 3507 am-

110 3538 331 3605 plexum
364 3538 627 3590 interioris
662 3541 894 3591 hominis
928 3540 1063 3603 mei3
1103 3540 1196 3591 ubi
1229 3540 1398 3607 fulget
1426 3541 1616 3593 animae
1650 3559 1781 3592 meae
1816 3541 1962 3611 quod

114 3639 221 3674 non
255 3623 401 3691 capit
433 3624 601 3686 locuS‚
636 3631 689 3675 et
719 3625 812 3677 ubi
848 3631 1000 3676 sonat
1034 3624 1179 3693 quod
1213 3643 1322 3676 non
1355 3626 1495 3694 rapit
1529 3632 1757 3696 tempus,
1783 3633 1835 3678 et
1866 3627 1959 3678 ubi

113 3706 221 3758 olet
259 3707 402 3776 quod
434 3726 541 3759 non
581 3709 781 3777 spargit
818 3711 993 3773 flatus,
1025 3718 1077 3761 et
1118 3709 1211 3761 ubi
1252 3711 1393 3779 sapit
1433 3711 1579 3780 quod
1622 3730 1730 3763 non
1770 3713 1959 3765 minuit
