2378 4134
578 212 1181 270 CONFESSIONUM
1218 209 1460 264 LIBER
1496 209 1593 261 VI.
1938 210 2010 268 89

163 346 272 402 fide
285 346 578 411 retinerem,
588 343 656 398 de
674 344 871 415 quibus
885 343 1198 414 parentibus
1213 346 1360 394 ortus
1376 356 1568 403 essem,
1585 337 1734 408 quod
1747 337 1884 391 scire
1900 354 2013 390 non

161 450 392 503 possem,
415 431 522 484 nisi
544 428 810 483 audiendo
842 428 1220 482 credidissem:
1257 423 1572 495 persuasisti
1604 423 1756 487 mihi,
1780 441 1891 474 non
1916 422 2012 493 qui

138 517 436 571 'crederent
476 515 654 568 Libris
697 515 822 579 tuis,
856 533 992 584 quos
1034 519 1195 566 tanta·
1219 512 1278 563 in
1317 509 1568 562 omnibus
1609 509 1718 560 fere
1760 508 2012 575 gentibus

161 601 472 655 auctoritate
497 597 783 663 fundasti³3
823 599 919 652 sed
955 599 1049 669 qui
1085 616 1196 651 non
1228 595 1507 649 crederent
1537 611 1655 646 esse
1693 592 2011 662 culpandOS,

159 704 258 739 nec
283 685 577 738 audiendos
603 702 738 750 esse,
758 685 803 738 si
831 685 925 755 qui
951 684 1083 737 forte
1106 682 1240 735 mihi
1261 681 1523 734 dicerent:
1566 677 1728 732 Unde
1756 679 1863 731 scis
1886 679 2010 731 illos

158 771 349 823 Libros
396 771 556 823 unius
603 771 715 822 veri
753 778 807 822 et
841 769 1169 823 veracissimi
1207 767 1314 820 Dei
1364 767 1556 836 spiritu
1605 783 1723 818 esse
1771 765 2010 817 humano

158 857 335 924 generi
366 855 731 908 ministratos?
796 856 1044 925 Idipsum
1081 855 1223 906 enim
1258 853 1494 905 maxime
1529 850 1854 904 credendum
1880 858 2010 915 erat,

157 941 406 1010 quoniam
446 942 594 994 nulla
635 942 956 1010 pugnacitas
1000 939 1448 992 calmnniosarum
1494 936 1870 1007 quaestionum,
1913 954 2011 1006 per

154 1035 259 1080 tam
284 1029 452 1080 multa
475 1046 595 1097 quae
620 1029 854 1095 legeram
879 1028 1019 1079 inter
1037 1046 1092 1079 se
1113 1025 1517 1093 confligentium
1542 1023 2009 1094 philosophorum,

154 1121 467 1182 extorquere
503 1114 637 1165 mihi
683 1114 860 1182 potuit
895 1121 957 1165 ut
994 1111 1286 1182 aliquando
1325 1129 1434 1162 non
1474 1110 1760 1174 crederem,
1799 1117 1851 1162 te
1890 1126 2007 1161 esse

153 1197 415 1267 quidquid
465 1217 610 1250 esses
660 1199 807 1268 quod
857 1217 957 1266 ego
1006 1198 1268 1250 nescirem
1291 1217 1305 1260 3
1361 1203 1453 1248 aut
1493 1195 2007 1248 administrationem

150 1300 321 1335 rerum
347 1284 698 1336 humanarum
723 1284 792 1336 ad
818 1291 870 1336 te
896 1284 1175 1352 pertinere.

224 1372 271 1419 8.
313 1368 420 1421 Sed
445 1369 501 1419 id
527 1370 806 1422 credebam
834 1368 1123 1438 aliquando
1149 1368 1439 1430 robustiuS,
1456 1366 1748 1436 aliquando
1775 1366 2004 1430 exilius3

151 1472 357 1522 semper
386 1462 563 1506 tamen
590 1454 792 1507 credidi
818 1461 872 1506 et
896 1472 1014 1507 esse
1050 1461 1119 1517 te,
1147 1461 1198 1505 et
1234 1470 1415 1505 curam
1452 1452 1621 1503 nostri
1657 1469 1871 1518 gerere;
1928 1458 2005 1503 et-

149 1538 302 1591 iamsi
327 1540 639 1607 ignorabam
673 1541 758 1591 vel
789 1539 920 1608 quid
946 1538 1284 1591 sentiendum
1311 1545 1452 1589 esset
1476 1536 1542 1588 de
1571 1537 1869 1589 substantia
1894 1543 2005 1602 tua,

148 1625 232 1675 vel
259 1643 377 1693 quae
405 1625 491 1676 via
516 1625 733 1676 duceret
758 1634 850 1677 aut
872 1624 1147 1676 reduceret
1185 1623 1254 1675 ad
1284 1630 1352 1675 te.
1430 1621 1673 1692 Ideoque
1707 1641 1830 1675 cum
1862 1641 2004 1675 esse-

147 1727 265 1761 mus
301 1710 496 1761 infirmi
533 1710 598 1762 ad
636 1711 1011 1762 inveniendam
1047 1709 1255 1780 liquida
1286 1709 1490 1762 ratione
1530 1710 1819 1772 veritatem,
1847 1716 1901 1761 et
1932 1711 2001 1762 ob

146 1795 249 1846 hoc
274 1795 431 1846 nobis
457 1813 592 1863 opus
629 1803 769 1847 esset
804 1796 1116 1848 auctoritate
1156 1802 1458 1847 sanctarum
1495 1796 1853 1859 Litterarum3
1884 1795 2003 1865 jam

149 1879 359 1930 credere
398 1898 663 1948 coepcram
692 1882 841 1932 nullo
868 1880 1028 1932 modo
1054 1887 1105 1932 te
1131 1881 1295 1932 fuisse
1326 1881 1647 1933 tributurum
1677 1889 1787 1933 tam
1821 1883 2001 1934 excel-

145 1966 341 2017 lentem
367 1967 444 2018 illi
472 1968 759 2036 Scripturae
794 1987 889 2037 per
925 1987 1111 2020 omnes
1140 1968 1255 2038 jam
1282 1976 1448 2020 terras
1479 1969 1867 2033 auctoritatem,
1894 1970 2000 2021 nisi

145 2059 198 2103 et
222 2070 317 2120 per
340 2052 513 2122 ipsam
540 2053 638 2104 tibi
665 2053 826 2117 credi,
853 2063 906 2107 et
930 2072 1026 2122 per
1051 2055 1226 2123 ipsam
1253 2061 1304 2106 te
1334 2054 1502 2123 quaeri
1528 2055 1808 2106 voluisses.
1875 2057 1911 2108 J
1914 2073 2001 2107 am

145 2138 285 2188 enim
317 2138 693 2190 absurditatem
726 2158 845 2209 quae
880 2158 964 2191 me
996 2140 1053 2190 in
1087 2140 1194 2191 illis
1221 2139 1438 2191 Litteris
1479 2141 1686 2191 solebat
1712 2140 1997 2206 offendere,

145 2241 266 2274 cum
302 2224 469 2274 multa
506 2241 574 2274 ex
614 2224 690 2275 eis
727 2226 1074 2292 probabiliter
1111 2226 1360 2294 exposita
1398 2226 1685 2290 audissem,
1713 2226 1782 2278 ad
1821 2245 1994 2279 sacra-

143 2316 436 2360 mentorum
462 2309 797 2360 altitudinem
820 2311 1135 2362 referebam:
1177 2329 1347 2380 eoque
1366 2311 1499 2362 mihi
1524 2312 1619 2363 illa
1643 2313 1997 2363 venerabilior

143 2399 194 2442 et
220 2402 555 2444 sacrosancta
580 2393 686 2445 fide
713 2394 924 2460 dignior
949 2396 1242 2463 apparebat
1278 2397 1582 2459 auctoritas,
1611 2416 1719 2465 quo
1746 2405 1800 2448 et
1824 2398 1994 2448 omni-

142 2477 243 2527 bus
270 2476 338 2527 ad
360 2477 645 2543 legendum
684 2486 825 2530 esset
861 2480 918 2530 in
953 2490 1224 2548 promptu,
1252 2488 1306 2532 et
1333 2482 1521 2534 secreti
1558 2482 1640 2532 sui
1678 2482 1995 2550 dignitatem

143 2560 198 2610 in
224 2561 498 2612 intellectu
531 2563 872 2631 profundiore
907 2573 1169 2628 servaret3
1208 2566 1384 2618 verbis
1424 2567 1774 2635 apertissimis
1804 2575 1857 2620 et
1892 2570 1993 2620 hu-

143 2646 364 2698 millimo
398 2666 588 2713 genere
623 2650 879 2718 loquendi
908 2669 963 2701 se
1000 2652 1209 2703 ermetis
1244 2655 1510 2721 praebens,
1537 2661 1590 2705 et
1620 2672 1877 2707 exercens
1910 2655 1992 2706 in-

143 2733 432 2785 tentionem
477 2752 675 2798 corum,
722 2736 814 2804 qui
856 2754 965 2786 non
1018 2744 1141 2788 sunt
1188 2739 1334 2789 leves
1375 2738 1564 2791 corde:
1619 2747 1679 2790 ut
1717 2741 1994 2808 exciperet

142 2835 325 2868 omnes
358 2820 602 2886 populari
636 2820 775 2883 sinU,
810 2827 864 2872 et
903 2839 999 2888 per
1032 2831 1260 2889 angusta
1293 2824 1550 2875 foramina
1587 2842 1794 2892 paucos
1832 2825 1900 2877 ad
1938 2832 1990 2877 te

140 2900 418 2970 trajiceret,
444 2905 610 2956 multo
640 2911 814 2956 tamen
839 2907 1037 2974 plureS,
1065 2925 1225 2976 quam
1253 2908 1296 2959 si
1324 2927 1423 2961 nec
1451 2917 1598 2961 tanto
1625 2911 1779 2979 apice
1805 2919 1987 2964 aucto-

139 2985 310 3037 ritatis
336 2989 605 3053 emineret,
622 3008 721 3043 nec
749 2992 930 3042 turbas
957 2993 1156 3058 gremio
1183 3003 1380 3046 sanctae
1400 2995 1718 3048 humilitatis
1736 2997 1987 3049 hauriret.

145 3068 456 3136 Cogitabam
483 3075 617 3138 haec,
644 3086 697 3127 et
722 3076 906 3128 aderas
932 3077 1091 3140 mihi3
1133 3079 1484 3147 suspirabam,
1512 3088 1566 3132 et
1590 3081 1848 3134 audiebas
1873 3101 1983 3134 me:

143 3153 480 3221 fluctuabam,
506 3166 559 3210 et
584 3162 919 3227 gubernabas
944 3179 1060 3225 me3
1099 3162 1244 3214 ibam
1279 3182 1375 3232 per
1410 3166 1550 3216 viam
1588 3167 1772 3218 saeculi
1805 3168 1986 3233 latam,

143 3253 241 3287 nec
268 3237 558 3295 deserebas.

142 3378 310 3442 vis-quae
336 3394 413 3421 non
442 3383 630 3431 videntur.
651 3389 766 3428 rebus
794 3390 1017 3430 adhibenda
1074 3391 1254 3431 Ecclesia
1283 3393 1332 3431 ab
1362 3391 1456 3444 ipsis
1482 3392 1683 3445 Apostolis
1702 3399 1924 3446 propagata
1940 3400 1980 3434 et

140 3434 305 3495 d¹⁹!⁰.¹³.²
355 3449 443 3488 quae
478 3438 508 3476 si
545 3453 621 3480 non
655 3443 900 3488 adhibeatur,
938 3458 1017 3484 non
1074 3459 1141 3498 per
1160 3458 1294 3485 omnes
1314 3454 1447 3498 gentes
1467 3448 1574 3485 tanta
1601 3447 1816 3487 eminentia
1840 3448 1975 3488 decla-

141 3497 309 3528 amncma
329 3491 588 3552 quorumlibet
613 3494 825 3542 hominum,
845 3499 912 3538 sed
942 3499 1025 3552 ipsa
1080 3507 1178 3546 rata,
1200 3506 1328 3538 utrum
1364 3500 1641 3552 Apostolorum
1667 3501 1757 3548 sint,
1784 3502 1979 3542 incertum

139 3554 291 3580 summa
312 3543 442 3597 religio
459 3545 691 3592 vnolatur,ut
701 3563 854 3590 summa
873 3552 1025 3592 miseria
1079 3561 1151 3599 est,
1183 3560 1222 3592 et
1255 3553 1330 3592 hoc
1361 3556 1434 3593 erit
1461 3562 1611 3593 certum
1643 3555 1840 3609 scripsisse
1867 3556 1979 3610 Apo-

139 3604 407 3657 eonsequatur.
466 3599 568 3652 Aug.
595 3602 643 3641 de
669 3603 744 3644 fide
777 3618 904 3645 rerum
934 3619 1023 3660 quae
1079 3607 1210 3652 stolus,
1223 3607 1329 3659 quod
1344 3607 1435 3647 huic
1450 3608 1637 3648 Ecclesiae
1653 3610 1837 3650 contrarii
1855 3610 1979 3652 baere-

140 3661 218 3688 non
236 3651 425 3699 videntur,
446 3653 478 3703 §.
506 3655 541 3692 4.
1080 3660 1145 3700 tici
1169 3660 1383 3714 proferunt,
1404 3669 1609 3702 auctorum
1631 3677 1790 3704 suorum
1810 3666 1976 3706 nomini-

159 3755 167 3762 ·
193 3696 211 3764 ἰ·
237 3704 300 3744 De
316 3719 394 3758 quo
415 3706 514 3746 libro
543 3715 690 3748 certum
717 3711 790 3750 erit
816 3713 931 3765 cujus
960 3712 1024 3759 sit,
1080 3715 1155 3754 bus
1189 3715 1378 3768 appellati
1408 3717 1522 3770 longe
1554 3725 1642 3771 post
1668 3719 1878 3773 Apostolos
1905 3733 1975 3761 ex·

139 3769 169 3796 si
187 3757 336 3805 litterae,
349 3773 446 3813 quas
461 3761 735 3816 Apostolorum
753 3765 846 3805 dicit
862 3774 900 3806 et
920 3774 1026 3808 tenet
1079 3768 1322 3809 sistentiqu
1368 3783 1404 3811 0.
1429 3771 1563 3812 Faust.
1584 3771 1712 3812 xxxiii.
1734 3774 1775 3814 6.
