2378 4134
550 177 1163 264 coNFEssmNUM'
1188 204 1429 261 LIBER
1464 203 1630 256 vm.
1910 206 2012 256 12⁷

170 341 444 412 diligebat.
517 338 820 393 Narravi-ei
843 338 1101 392 circuitus
1125 335 1314 390 erroris
1338 333 1461 387 mei.
1537 331 1652 386 Ubi
1670 339 1851 386 autem
1869 350 2016 386 com·
2030 340 2184 382 rhetore

168 426 454 481 memoravi
477 425 673 492 legisse
697 441 783 477 me
809 422 1072 493 quosdam
1097 421 1265 475 libros
1290 417 1712 479 Platonicorum,
1730 434 1868 487 quos
1892 418 2020 472 Vic-
2033 409 2196 490 :fg-uver-

166 513 368 566 torinus
391 511 662 581 quondam
695 510 873 562 rhetor
910 509 1059 562 urbis
1092 510 1300 571 Romae,
1326 523 1487 576 quem
1524 503 1893 558 Christianum
1924 504 2016 557 de-

165 598 404 650 functum
429 614 544 648 esse
569 595 858 659 audieram,
873 596 930 646 in
948 595 1196 647 Latinam
1213 593 1456 659 linguam
1473 589 1856 652 transtulisset;
1898 608 2015 656 gra-

162 683 360 735 tulatus
385 688 467 732 est
490 681 625 732 mihi
651 681 797 750 quod
829 698 939 732 non
976 681 1030 730 in
1069 679 1292 731 aliorum
1330 675 1778 746 philosophorum
1816 674 2043 744 scripta⁴

163 765 487 829 incidissem,
512 765 1051 833 plenafitllacz'arum
1090 770 1144 815 et
1179 762 1558 831 deceptionum
1589 761 1886 812 secundam
1912 762 2016 811 ele-
2031 771 2121 864 gol.
2141 776 2183 820 2,

162 857 343 903 menta
366 851 532 919 hujus
556 849 774 900 mandi:
818 849 875 899 in
901 849 1019 900 istis
1043 853 1240 912 autem,
1267 846 1517 899 omnibus
1542 844 1718 897 modis
1753 845 2016 898 insinuari
2060 855 2069 865 ‘

162 935 340 987 Deum
365 942 419 986 et
445 935 560 1004 ejus
586 935 822 985 Verbum
838 934 873 984 ⁶.
949 932 1182 997 Deinde,
1206 939 1267 984 ut
1289 949 1374 983 me
1409 930 1780 982 exhortaretur
1811 930 1880 982 ad
1913 932 2013 982 hu-

160 1019 436 1071 militatem
463 1018 682 1081 Christi,
706 1017 1036 1084 sapientibus
1059 1016 1428 1068 absconditam
1468 1022 1520 1067 et
1557 1017 1849 1067 revelatam
1876 1033 2013 1083 par—
2029 1029 2211 1080 Mat.11,

159 1105 311 1167 valia,
340 1103 707 1155 Victorinum²
743 1102 922 1171 ipsum
955 1101 1263 1154 recordatus
1302 1108 1401 1165 est,
1440 1119 1619 1170 quem,
1658 1102 1850 1153 Romae
1886 1121 2009 1155 cum
2023 1085 2093 1125 25.

159 1194 314 1252 esset,
339 1187 749 1239 familiarissime
774 1193 1015 1237 noverat:
1058 1186 1124 1237 de
1158 1205 1266 1255 quo
1304 1187 1394 1238 ille
1431 1186 1566 1236 mihi
1598 1187 1831 1238 narravit
1865 1188 2013 1257 quod

157 1289 266 1323 non
290 1271 474 1323 silebO.
550 1272 737 1322 Habet
774 1271 917 1323 enim
937 1280 1200 1337 ‘magnam
1232 1270 1447 1322 laudern
1485 1271 1668 1337 gratiae
1702 1280 1808 1323 tuae
1841 1273 2010 1324 confi-

157 1355 366 1408 tendam
392 1355 507 1418 tibi,
536 1354 986 1424 quemadmodum
1010 1354 1101 1406 ille
1128 1354 1472 1406 doctissimus
1494 1374 1680 1419 senex,
1699 1363 1752 1408 et
1767 1358 2008 1409 omnium

153 1440 448 1492 liberalium
489 1439 848 1491 doctrinarum
893 1438 1267 1507 peritissimuS,
1309 1439 1512 1508 quique
1555 1441 2006 1510 philosophorum

154 1534 262 1579 tam
310 1527 476 1577 multa
518 1526 735 1590 legerat,
780 1531 834 1575 et
876 1522 1298 1592 dijudicaverat*
1312 1543 1325 1586 3
1381 1523 1569 1576 doctor
1619 1533 1698 1578 tot
1739 1525 2005 1579 nobilium

154 1619 469 1674 senatorum,
513 1609 607 1679 qui
647 1610 806 1660 etiam
852 1610 921 1660 ob
962 1609 1174 1674 insigne
1217 1610 1461 1677 praeclari
1502 1612 1815 1677 magisterii,
1857 1613 2005 1682 quod

153 1697 294 1750 cives
319 1697 478 1765 hujus
508 1695 695 1747 mundi
729 1695 988 1747 eximium
1021 1703 1232 1763 putant,
1259 1703 1487 1748 statuam
1522 1698 1580 1747 in
1609 1699 1856 1750 Romano
1888 1701 2003 1751 foro

151 1790 411 1835 meruerat
464 1790 516 1834 et
566 1788 871 1850 acceperat3
927 1800 1099 1850 usque
1147 1781 1215 1832 ad
1263 1782 1413 1834 illam
1464 1790 1674 1836 aetatem
1728 1794 2004 1838 venerator

150 1868 430 1929 idolorum,
470 1884 842 1934 sacrorumque
882 1866 1260 1933 sacrilegorum
1303 1867 1593 1937 particeps,
1634 1870 1834 1938 quibus
1873 1879 2000 1924 tunc

150 1959 262 2006 tota
285 1952 390 2004 fere
416 1954 663 2003 Romana
694 1950 948 2002 nobilitas
982 1950 1166 2002 inflata
1202 1951 1501 2019 inspirabat
1529 1955 1764 2022 populos
1793 1955 1908 2024 jam
1949 1964 2003 2008 et

149 2037 492 2104 omnigenum
526 2036 684 2087 deum
718 2032 1005 2098 monstra*,
1032 2042 1086 2086 et
1118 2036 1366 2086 Anubem
1399 2037 1719 2102 latratorem,
1749 2059 1869 2108 quae
1905 2042 2000 2092 ali-

150 2121 362 2191 quando
385 2122 417 2147 “
436 2122 635 2173 Contra
655 2121 969 2187 Neptunum
986 2125 1040 2169 et
1057 2121 1335 2183 Venerem,
1354 2129 1647 2191 contraque
1664 2124 1999 2177 Minervam''

147 2210 253 2260 tela
283 2203 598 2269 tenuerant‘,
637 2214 689 2258 et
725 2225 756 2257 a
791 2224 846 2258 se
884 2206 1041 2258 victis
1062 2206 1177 2275 jam
1217 2209 1392 2259 Roma
1430 2210 1807 2277 supplicabam
1819 2231 1832 2274 3
1878 2231 1996 2281 quae

145 2292 248 2344 ista
273 2310 438 2344 senex
464 2292 769 2343 Victorinus
795 2299 874 2342 tot
907 2309 1075 2342 annos
1110 2309 1198 2342 ore
1233 2292 1520 2362 terricrepo
1561 2294 1993 2349 defensitaverat:

144 2393 255 2427 non
280 2376 545 2427 erubuerit
577 2393 692 2426 esse
725 2393 858 2442 puer
892 2375 1093 2427 Christi
1130 2376 1227 2439 tui,
1255 2384 1308 2428 et
1339 2378 1516 2429 infans
1549 2379 1712 2431 fontis
1747 2382 1843 2447 tui,
1871 2384 1994 2434 sub-

87 2443 91 2447 *
137 2459 282 2528 jecto
309 2462 449 2512 00110
477 2460 545 2512 ad
569 2459 886 2511 humilitatis
910 2459 1121 2529 jugum,
1149 2467 1204 2511 et
1231 2461 1464 2514 edomita
1501 2463 1673 2515 fronte
1712 2465 1780 2516 ad
1817 2468 1992 2519 crucis

144 2547 504 2614 opprobrium.

144 2729 198 2768 et,
218 2722 320 2774 quod
339 2721 427 2774 plus
446 2728 516 2769 est,
532 2728 703 2771 pateruae
717 2721 850 2773 gratiae
868 2734 1037 2762 amorem

144 2776 418 2828 recognosco.''
433 2777 515 2826 (Id.
533 2777 605 2829 Ep.
620 2778 706 2823 35.)
731 2777 934 2815 Parentem
949 2791 1038 2816 vero

142 2842 232 2869 eum
249 2830 334 2869 ideo
351 2831 511 2869 vocasse
530 2831 734 2882 conjicitur
753 2830 857 2883 quod
875 2844 964 2869 eum
987 2831 1037 2870 ad

145 2883 381 2937 baptismum
416 2884 701 2936 suscipiendum
734 2887 1035 2937 praeparaverit3

145 2935 265 2989 Aug¹.
283 2945 410 2977 autem
427 2940 543 2977 verba
560 2938 598 2976 id
615 2938 741 2991 potius
755 2939 923 2977 innuunt
937 2941 1032 2978 Am-

145 2990 310 3030 brosium
332 3004 419 3031 eum
438 2993 521 3044 ipso
540 2999 783 3031 sacramento
802 2992 997 3032 imbuisse.

198 3045 218 3074 ‘¹
248 3046 364 3093 Quod
396 3046 544 3085 initium
574 3047 699 3084 sancti
732 3047 948 3098 Evangelii,
969 3048 1033 3087 cui

145 3109 284 3137 nomen
309 3106 367 3138 est
389 3100 601 3138 seeundum
632 3100 842 3144 Joannem.
872 3101 1031 3152 quidam

148 3150 386 3197 Platonicus,
406 3153 508 3192 sieut
534 3166 557 3191 a
586 3161 723 3192 sancto
750 3167 842 3193 sene
872 3155 1027 3207 Simpli-

145 3203 273 3250 ciano,
291 3205 358 3256 qui
377 3214 508 3258 postea
529 3207 817 3248 Mediolanensi
839 3208 1030 3247 Ecclesiae

144 3258 374 3309 presidebat
394 3259 620 3313 Episcopus,
639 3261 861 3301 solebamus
881 3262 1030 3308 audire,

144 3311 271 3350 aureis
288 3311 409 3351 literis
427 3314 807 3360 conscribendum,et
821 3328 889 3366 per
898 3329 1033 3355 omnes

147 3365 343 3404 Ecclesias
368 3365 408 3404 in
437 3365 532 3405 locis
560 3367 874 3407 eminentissimis
894 3382 1033 3422 propo·

146 3418 319 3458 nendum
348 3431 432 3458 esse
465 3419 630 3461 dicebat.
696 3421 775 3462 Sed
805 3421 892 3462 ideo
921 3423 1031 3462 viluit

142 3472 318 3525 superbis
345 3473 456 3512 Deus
474 3473 540 3512 ille
560 3474 758 3527 magister,
775 3476 868 3528 quia
886 3482 914 3500 ⁸·
931 3478 1031 3516 Ver·

142 3525 238 3565 bum
249 3539 339 3566 caro
347 3525 493 3565 factum
505 3533 608 3567 estet
619 3528 806 3570 habitavit
823 3530 865 3569 in
877 3530 1033 3571 nobis.''

145 3578 253 3633 Aug.
274 3580 324 3619 de
343 3579 428 3619 Civ.
452 3580 543 3625 Dei,
563 3594 602 3620 x.
622 3594 660 3621 c.
679 3583 748 3623 29.

194 3637 215 3660 θ
246 3639 272 3660 ‘⁶
293 3633 533 3680 Victorinus,
567 3634 721 3675 natione
751 3635 860 3683 Aser,
894 3637 1030 3678 Romae

1093 2723 1166 2762 sub
1189 2723 1421 2765 Constantio
1452 2727 1626 2782 principe
1657 2729 1888 2772 rhetoricam
1922 2733 1992 2772 do·

1094 2777 1189 2822 cuit,
1212 2786 1250 2817 et
1271 2780 1308 2816 in
1330 2787 1506 2821 extrema
1533 2792 1748 2831 senectute,
1771 2786 1918 2826 Christi
1949 2801 1991 2827 se

1093 2833 1248 2870 tradens
1287 2833 1392 2881 fidei,
1434 2836 1586 2889 scripsit
1623 2840 1810 2879 adversus
1847 2841 1988 2881 Arium

1091 2885 1210 2924 libros
1230 2899 1334 2926 more
1352 2889 1558 2929 dialectico
1575 2893 1692 2932 valde
1708 2894 1909 2942 obscuros,
1922 2897 1990 2949 qui

1090 2939 1165 2978 nisi
1187 2940 1236 2978 ab
1256 2942 1420 2981 eruditis
1437 2957 1512 2982 non
1530 2945 1817 2999 intelliguntur,
1829 2956 1867 2988 et
1883 2964 1990 2989 com-

1089 2994 1301 3034 mentarios
1321 2996 1362 3034 in
1388 2998 1638 3049 Apostolum.
1698 3002 1862 3042 Hieron.
1883 3005 1990 3045 Virr.

1090 3048 1156 3086 111.
1186 3062 1222 3087 0.
1255 3051 1345 3089 101.
1406 3052 1467 3090 De
1495 3066 1542 3092 eo
1571 3054 1706 3099 etiam,
1741 3064 1783 3095 ut
1819 3057 1995 3104 videtur,

1087 3102 1222 3141 scribit
1241 3103 1474 3144 Gennadius
1493 3107 1542 3146 de
1557 3107 1662 3148 Virr.
1683 3109 1752 3148 111.
1771 3123 1808 3149 0.
1821 3111 1880 3150 lx.
1896 3125 1987 3151 eum

1087 3163 1113 3179 ¹‘
1132 3166 1439 3198 commentatum
1461 3161 1576 3201 fuisse
1590 3162 1815 3202 Christiano
1826 3165 1986 3216 quidem

1087 3218 1126 3248 et
1138 3209 1200 3262 pio
1210 3224 1325 3251 sensu
1339 3229 1349 3259 ;
1368 3213 1435 3252 sed
1449 3221 1580 3268 utpote
1593 3216 1774 3255 saeculari
1785 3217 1988 3258 literatura

1086 3271 1303 3315 occupatus
1324 3266 1454 3311 bomo,
1477 3275 1516 3306 et
1537 3269 1686 3308 nullius
1706 3271 1928 3322 magisterio
1946 3273 1987 3312 in

1086 3317 1227 3356 divinis
1274 3320 1485 3372 Scripturis
1540 3323 1790 3367 exercitatus,
1832 3325 1988 3366 levioris

1088 3370 1271 3423 ponderis
1284 3377 1518 3413 sententiam
1533 3375 1753 3426 figuravit.”
1765 3378 1982 3421 cf.Hieron.

1093 3425 1213 3464 Praef.
1234 3425 1274 3463 in
1303 3427 1459 3468 Comm.
1480 3428 1519 3466 in
1553 3429 1649 3470 Gal.
1678 3430 1758 3469 vid.
1788 3433 1891 3485 plur.
1921 3447 1987 3488 ap.

1089 3477 1318 3518 Tillemont.
1335 3479 1365 3519 l.
1378 3493 1467 3534 e.p.
1488 3483 1565 3521 170
1577 3497 1665 3537 sqq.
1688 3485 1883 3532 Quaedam
1899 3501 1988 3542 ejus

1087 3543 1205 3585 opera
1226 3532 1357 3572 adhuc
1376 3541 1544 3573 exstant.

1140 3579 1159 3611 f
1187 3586 1347 3626 AEneid.
1366 3587 1446 3627 viii.
1463 3589 1694 3632 698—700.

1140 3642 1161 3674 8
1193 3638 1286 3680 Vid.
1304 3642 1410 3694 Aug.
1430 3642 1504 3696 Ep.
1527 3644 1591 3683 17.
