2378 4134
318 208 421 254 322

1130 195 1411 249 INDEX.

323 339 509 389 Severus,
534 336 668 379 lanius
694 335 1024 384 Mediolanensis,
1055 333 1242 376 cuicum
1299 319 1600 390 Temporalium
1645 349 1772 386 amor,
1819 337 1980 379 nonnisi
2023 339 2223 382 suavitate

374 395 535 436 caecitas
552 393 770 442 incidisset,
786 399 895 434 tacto
914 392 1057 433 feretro
1074 389 1246 432 Protasii

1356 399 1598 433 aeternorurn
1616 401 1886 456 eupugnatur,
1911 394 1977 441 13,
1994 407 2036 435 n.
2061 395 2152 435 145.

374 458 415 492 et
467 449 654 491 Gervasii
714 455 951 503 martyrum,
1004 446 1244 499 sudarioque
1299 444 1478 502 Tempus
1504 448 1603 502 quid
1631 458 1699 500 sit,
1727 449 1897 490 difficilis
1925 449 2108 504 quaestio,
2126 452 2224 491 213.

372 507 467 547 inde
483 505 611 547 oculis
629 505 806 554 admoto,
821 504 951 545 visum
969 502 1131 557 recepit,
1150 502 1245 548 156,

373 569 414 602 et
427 576 469 602 n.

324 616 625 673 simplicianus,

372 673 593 728 presbyter,
638 672 734 712 125.

379 730 474 777 126,
505 742 547 768 n.
584 728 654 768 ubi
683 727 743 781 pl.
772 727 823 766 de
853 739 914 767 eo.
968 725 1091 764 Pater
1134 737 1248 777 spin-

374 784 465 824 talis
505 782 724 829 Ambrosii,
766 782 863 822 126.
922 779 1157 820 Consulitur
1194 780 1246 819 ab

375 839 618 891 Augustino,
639 839 693 878 ib.
727 835 997 882 Victorinum,
1021 842 1064 874 ut
1081 833 1247 890 publice

375 895 607 949 profiteatur
625 893 762 942 fidem,
782 891 960 943 instigat,
986 891 1080 930 128.

327 951 506 992 Societas
528 950 638 1004 justa
666 954 739 993 est,
770 960 862 1001 quae
894 946 985 986 Deo
1014 944 1147 991 servit,
1178 945 1246 985 39.

377 1005 544 1046 Sodales
561 1004 660 1044 mali
684 1003 836 1043 malum
868 1014 1066 1055 grassans,
1087 1002 1158 1049 25,
1177 1002 1247 1049 26,

376 1063 447 1102 21.
468 1059 675 1101 Societatis
686 1058 874 1100 humanae
886 1056 1072 1111 generale
1084 1063 1247 1111 pactum

376 1124 436 1156 est
456 1115 618 1157 obedire
638 1115 800 1168 regibus
819 1113 914 1160 suis,
934 1113 1003 1152 37.

317 1172 500 1212 Solitudo
530 1170 777 1226 poenitentiae
798 1167 1015 1224 aptissima,
1037 1168 1135 1215 203,
1155 1168 1251 1209 142.

320 1228 417 1268 Soni
435 1228 645 1268 discrimen
666 1239 690 1266 a
710 1232 850 1271 cantu,
870 1225 970 1265 246.

319 1283 650 1339 Spectaculorum
670 1281 843 1328 vanitas,
858 1280 928 1326 27,
945 1281 1015 1326 91,
1031 1279 1073 1319 9.
1103 1291 1249 1333 magno

374 1339 417 1379 in
437 1339 602 1385 honore,
621 1338 696 1378 sub
717 1331 840 1390 Angi.
866 1342 1061 1390 tempora,
1083 1335 1125 1375 9.

319 1394 534 1436 Svrnrrus
565 1395 765 1434 SANCTUS
791 1391 935 1432 dicitur
963 1390 1043 1431 Dei
1066 1390 1248 1437 Donum,

375 1452 549 1498 Munus,
590 1449 715 1504 Ignis,
754 1449 896 1496 Amor,
935 1446 1110 1492 Caritas,
1146 1446 1248 1491 Pax,

377 1507 536 1553 Gratia,
559 1505 742 1559 Requies
770 1510 923 1552 nostra,
947 1503 1080 1542 Locus
1102 1508 1247 1549 noster,

375 1563 473 1601 254.
514 1561 675 1602 Dicitur
702 1573 750 1600 ea
777 1560 911 1599 facere
939 1556 981 1596 in
1010 1557 1127 1597 nobis
1155 1570 1247 1609 quae

375 1631 448 1672 per
462 1631 553 1657 eum
571 1615 755 1662 facimus,
771 1615 869 1655 276.
903 1613 1023 1653 Solus
1038 1611 1250 1667 superferri

375 1687 495 1727 super
540 1685 685 1726 aquas,
721 1684 862 1724 quare,
907 1670 1004 1709 254.
1078 1667 1251 1722 Spiritus

377 1727 514 1768 Sancti
559 1729 666 1768 dona
710 1725 908 1767 sideribus
951 1731 1251 1777 comparantur,

322 1839 492 1895 Spiritus
519 1838 643 1886 beati,
663 1838 806 1878 domus
828 1835 924 1886 Dei,
943 1836 1042 1876 231.
1084 1833 1250 1875 Coelum

379 1896 475 1936 coeli
496 1895 701 1940 dicuntur,
722 1893 776 1934 ib.

322 1951 462 1991 Stellae
481 1951 622 1991 solatia
643 1949 770 1990 noctis
789 1954 897 1995 sunt,
918 1948 1019 1987 277.

691 612 1014 657 Mediolanensis
1066 612 1247 653 ecclesiae

810 670 975 711 tandem
1019 667 1248 732 episcopus,

321 2005 750 2062 Superbia,quomodo
762 2005 814 2044 ab
833 2004 906 2044 illa
926 2009 1137 2047 tentemur,
1159 2001 1253 2040 197.
1272 2011 1281 2019 ‘

379 2062 576 2118 Superbia
595 2060 790 2102 receditur
810 2073 834 2100 a
853 2060 960 2107 Deo,
982 2059 1050 2104 64,
1068 2059 1137 2104 65,
1157 2058 1251 2106 112,

381 2126 421 2158 et
446 2132 487 2158 n.
513 2119 606 2164 118,
628 2131 667 2156 n.

323 2175 529 2229 Superbus
559 2186 673 2213 suam
708 2177 818 2211 amat
847 2168 1083 2210 sententiam
1116 2166 1254 2208 defen·

379 2231 487 2277 dere,
500 2243 579 2269 non
594 2228 690 2282 quia
699 2240 794 2267 vera
811 2233 886 2271 est,
898 2225 966 2265 sed
976 2223 1071 2277 quia
1086 2236 1158 2263 sua
1174 2229 1249 2270 est,

378 2287 474 2326 242.
522 2283 622 2337 Ejus
643 2296 760 2323 casus
783 2282 906 2326 unde,
926 2280 981 2319 ib.
1020 2292 1045 2318 a
1072 2278 1252 2332 superbis

379 2341 496 2381 Deus
531 2353 612 2379 non
640 2337 851 2382 invenitur,
880 2334 1064 2389 quamvis
1100 2333 1251 2389 peritis,

326 2452 557 2506 Superiores
586 2463 654 2489 seu
683 2440 858 2493 Prael'ati,
888 2445 1087 2499 quomodo
1117 2456 1253 2497 gerere

381 2521 422 2547 se
468 2507 630 2551 debent,
669 2504 766 2544 dum
815 2509 1017 2546 amantur,
1050 2501 1252 2548 timentur,

383 2563 614 2609 laudantur,
623 2560 723 2600 nein
733 2557 931 2612 superbiae
942 2556 1077 2596 vitium
1089 2555 1254 2602 cadant,

387 2620 481 2659 197.
527 2615 678 2657 Timeri
704 2614 808 2655 velle
839 2615 890 2653 ab
918 2611 1148 2652 hominibus
1177 2624 1258 2650 non

384 2680 544 2728 propter
566 2673 718 2718 Deum,
734 2667 1049 2723 foedajactantia
1066 2673 1141 2714 est,
1164 2667 1260 2707 197.

330 2729 514 2770 Surditas
534 2728 662 2768 cordis
680 2740 731 2767 ex
751 2725 927 2766 tumultu
949 2722 1151 2768 vanitatis,
1172 2723 1239 2762 54.

330 2786 569 2841 Symbolum
625 2782 897 2837 Apostolicum
947 2777 1261 2820 Catechumenis

386 2841 579 2882 memoria
597 2837 818 2879 tenendum
838 2835 1086 2882 tradebatur,
1108 2835 1201 2880 128,
1214 2846 1255 2873 n.

387 2898 439 2937 ab
460 2897 507 2936 iis
528 2894 691 2951 publice
712 2906 845 2934 coram
862 2891 1045 2931 fidelibus
1059 2889 1255 2929 recitaba-

388 2951 531 2998 tur,ib.
559 2953 699 2989 Romae
714 2962 808 2989 vero
821 2948 970 2987 deloco
984 2944 1259 2993 eminentiore,

387 3007 442 3048 ib.
473 3006 596 3046 literis
615 3005 658 3044 id
680 3004 869 3043 mandare
890 3001 1147 3057 prohibitum,
1167 3001 1220 3038 ib.

333 3061 601 3117 Symmachus
614 3059 832 3100 Praefectus
846 3058 1006 3104 Romae,
1020 3057 1088 3095 79.
1117 3056 1259 3107 Augm.

391 3117 675 3159 Mediolanum
723 3113 844 3154 mittit
888 3111 1123 3167 profitendae
1169 3110 1260 3150 rhe—

388 3174 530 3215 torices
548 3171 691 3225 gratia.
709 3169 762 3210 ib.

335 3231 516 3285 Synaxes
551 3228 593 3268 in
632 3226 773 3268 Africa
812 3223 863 3264 ad
903 3221 1113 3263 memorias
1141 3220 1257 3260 Mar-

391 3294 540 3340 tyrum,
580 3285 648 3323 83.
716 3282 854 3329 Quare
902 3285 1012 3319 vetat
1050 3277 1141 3316 illas
1176 3274 1259 3315 fieri

394 3339 646 3387 Ambrosius,
667 3338 725 3378 ib.
746 3336 826 3377 vid.
848 3337 916 3382 84,
938 3348 980 3374 n.

777 3560 826 3599 T.

335 3671 621 3730 Temperantia
647 3669 771 3712 animi
798 3681 913 3711 suam
934 3666 1137 3708 inscitiam
1169 3679 1263 3706 con-

393 3730 542 3771 fitentis
587 3726 793 3782 pulchrior
833 3731 894 3767 est
933 3736 1055 3778 quam
1099 3721 1266 3763 scientia

394 3798 541 3831 rerum,
562 3785 631 3824 70.

1356 501 1712 557 implicatissimum
1743 505 1935 558 aenigma,
1963 507 2062 547 218.
2108 506 2226 555 Solis,

1356 555 1484 606 lunae,
1523 567 1564 599 et
1601 559 1777 602 siderum
1826 568 1961 602 motus
2006 574 2090 602 non
2132 569 2227 602 sunt

1357 618 1553 668 tempora,
1572 616 1670 657 219.

1303 667 1483 723 Tempus
1518 683 1598 711 non
1636 678 1696 712 est
1732 670 1909 726 corporis
1946 677 2096 721 motus,
2128 673 2228 712 220.

1360 724 1440 764 Sed
1474 737 1556 779 quo
1590 726 1780 768 metimur
1812 733 1967 767 motum
2001 740 2228 782 corporum.

1359 779 1460 820 220.
1502 781 1574 820 Est
1589 781 1787 828 distentio.
1805 782 1863 823 ib.
1882 784 1982 824 221.
2018 784 2091 823 sed
2112 783 2230 836 cujus

1365 835 1440 874 rei‘!
1459 849 1554 876 num
1570 836 1775 886 animi,ib.
1801 839 2010 894 Temporis
2022 851 2227 888 mensura,

1360 890 1458 931 223.
1498 891 1714 939 Quomodo
1743 899 1902 948 tempus
1930 893 2052 934 liceat
2079 893 2227 941 metiri,

1359 946 1458 987 218.
1504 947 1684 1002 Tempus
1702 949 1963 1002 praeteritum,
1982 963 2170 1005 praesens,
2189 956 2230 990 et

1359 1000 1552 1063 futurum,
1572 1003 1672 1043 217.
1708 1003 1806 1044 Tria
1833 1004 1990 1059 proprie
2017 1018 2097 1045 uon
2117 1011 2227 1051 sunt,

1359 1056 1415 1097 ib.
1454 1057 1702 1098 Differentiae
1733 1059 1920 1114 temporis
1936 1060 2138 1114 quomodo
2157 1073 2228 1100 no-

1360 1113 1580 1160 minandae,
1607 1114 1665 1154 ib.
1698 1114 1955 1155 Praeteritum
1986 1123 2159 1170 tempus,
2189 1123 2231 1156 et

1360 1167 1536 1209 futurum
1555 1170 1755 1223 quomodo
1770 1169 1820 1210 sit
1833 1170 1999 1223 longum
2011 1178 2082 1222 aut
2095 1171 2230 1219 breve,

1362 1224 1461 1264 223.
1515 1225 1690 1266 Nullum
1719 1232 1875 1279 tempus
1910 1225 1995 1267 sine
2032 1233 2231 1275 creatura,

1362 1281 1463 1327 212,
1482 1282 1580 1327 225,
1601 1288 1641 1322 et
1658 1295 1700 1322 n.

1305 1333 1503 1375 Tenebrae
1548 1337 1662 1390 quid,
1700 1337 1799 1377 227.
1847 1344 1858 1361 ‘
1880 1337 2079 1378 Tenebrae
2112 1351 2233 1393 super

1363 1391 1585 1444 abyssum,’
1612 1392 1670 1432 ib.
1694 1393 1791 1432 237.
1827 1392 2102 1433 Tenebrarum
2117 1401 2233 1434 antra

1362 1449 1555 1501 quinque,
1595 1448 1663 1488 34.
1717 1447 1994 1488 Tenebrarum
2025 1458 2130 1503 ‘gens
2165 1462 2235 1504 ap.

1364 1502 1636 1548 Manichaeos,
1659 1504 1727 1551 74,
1750 1516 1788 1542 n.
1814 1504 1910 1544 105.

1306 1557 1592 1598 Tentationum
1627 1559 1702 1598 tria
1735 1572 1898 1610 genera,
1935 1560 2030 1606 188,
2059 1572 2102 1599 n.
2138 1559 2233 1607 198,

1362 1614 1462 1655 201.
1491 1614 1692 1667 quomodo
1719 1614 1912 1655 adversus
1929 1627 1979 1654 ea
1998 1615 2236 1668 pugnaverit

1364 1669 1472 1722 Aug.
1522 1683 1579 1710 sc.
1635 1669 1897 1723 voluptatem,
1946 1670 2233 1723 (187-194.)

1363 1724 1647 1773 curiositatem,
1666 1725 1953 1779 (194—197.)
1990 1725 2235 1779 superbiam,

1366 1779 1653 1832 (197—201.)
1692 1780 1851 1828 Quibus
1867 1780 2154 1820 tentationibus
2174 1793 2235 1820 re·

1363 1835 1498 1875 sistere
1511 1835 1708 1883 valemus,
1721 1835 1917 1888 quibusve
1936 1849 2016 1875 non
2037 1836 2235 1882 valemus,

1366 1890 1581 1940 nescimus,
1606 1892 1697 1930 171.
1729 1890 1918 1936 maxime.
1949 1890 2076 1931 donec
2106 1898 2235 1933 tente-

1367 1960 1471 1993 mur,
1496 1948 1591 1994 192,
1613 1953 1653 1986 et
1674 1960 1714 1986 n.
1742 1947 1834 1995 198,
1855 1952 1895 1985 et
1915 1960 1954 1986 n.

1310 2002 1521 2042 Terentius
1557 2009 1693 2055 poeta.
1747 2002 1797 2041 In
1834 2000 1921 2055 ejus
1957 2003 2062 2042 Eun.
2102 2001 2156 2042 iii.
2195 2005 2236 2043 5.

1365 2057 1564 2098 invehitur
1583 2058 1693 2111 Aug.
1717 2058 1784 2096 14.
1829 2057 1912 2097 Cit.
1937 2064 1978 2097 et
2002 2059 2094 2097 185.

1310 2113 1587 2163 Thagastense
1604 2112 1866 2167 municipium
1890 2112 1997 2167 Aug.
2013 2111 2154 2168 patria,
2167 2114 2239 2154 20.

1364 2168 1435 2208 ubi
1455 2169 1486 2209 is
1504 2169 1646 2209 docere
1666 2169 1806 2222 coepit,
1827 2169 1896 2209 49.

1309 2223 1458 2263 Tobias
1495 2237 1629 2264 caecus
1666 2223 1748 2263 filio
1794 2235 1866 2263 suo
1912 2221 2090 2262 caritatis
2133 2223 2237 2278 pede

1364 2278 1546 2333 praeibat,
1572 2280 1665 2320 193.

1309 2333 1491 2379 Treveri,
1516 2335 1609 2374 135.

1310 2389 1520 2430 Trinitatis
1535 2388 1767 2442 mysterium
1780 2387 1822 2428 in
1836 2386 1986 2430 Genesi
1997 2386 2237 2435 insinuatur,

1367 2446 1466 2491 252,
1495 2446 1595 2484 268.
1645 2444 1839 2496 Symbola
1866 2442 2070 2483 Trinitatis
2097 2442 2138 2482 in
2167 2442 2238 2483 ho-

1367 2500 1489 2549 mine,
1510 2502 1609 2546 255,
1634 2506 1674 2540 et
1695 2513 1735 2539 n.

1315 2556 1476 2596 Tunicae
1492 2557 1663 2607 pelliceae
1691 2554 1975 2596 mortalitatem
1996 2551 2237 2608 significant,

1375 2613 1470 2661 120,
1489 2618 1528 2652 et
1548 2625 1591 2651 n.
1612 2611 1711 2653 259.

1755 2778 1811 2818 V.

1315 2891 1422 2933 Vela
1450 2887 1803 2945 grammaticarum
1837 2886 2065 2928 scholarum
2098 2882 2242 2924 limini-

1373 2947 1448 2987 bus
1468 2957 1648 3001 appensa
1668 2943 1766 2998 quid
1785 2942 2028 2995 significent,
2048 2941 2114 2980 12.

1318 3003 1474 3043 Ventos
1518 3012 1699 3055 pascere,
1734 2998 1775 3038 id
1812 3004 1873 3037 est
1907 2998 2126 3041 daemones,
2166 2998 2240 3039 est,

1371 3057 1539 3096 errando
1570 3054 1629 3095 eis
1661 3066 1747 3094 esse
1780 3050 1976 3106 voluptati
2008 3056 2049 3091 et
2081 3047 2241 3095 derisui,

1374 3112 1441 3152 47.

1319 3167 1497 3207 Verbum
1527 3165 1644 3205 Deus
1676 3162 1785 3218 apud
1816 3162 1969 3208 Deum,
2000 3158 2243 3214 sempiterne

1367 3221 1529 3270 dicitur,
1539 3226 1580 3261 et
1592 3233 1639 3260 eo
1650 3217 1887 3273 sempiterne
1899 3216 2086 3256 dicuntur
2094 3213 2244 3259 omnia,

1371 3279 1470 3318 210.
1506 3277 1652 3331 Ipsum
1667 3281 1729 3315 est
1742 3271 1984 3329 principium
2001 3278 2040 3312 et
2055 3269 2244 3323 magister

1372 3347 1453 3387 quo
1481 3332 1589 3372 intus
1618 3331 1808 3371 docemur
1838 3339 1999 3368 omnem
2018 3325 2243 3369 veritatem,

1373 3389 1427 3429 ib.
1466 3388 1647 3428 Verbum
1679 3386 1761 3426 Dei
1790 3384 1832 3425 in
1862 3397 1905 3424 se
1935 3389 2144 3438 permanet
2159 3379 2244 3420 sine

1375 3449 1571 3484 vetustate
1591 3448 1632 3482 et
1654 3441 1823 3481 innovat
1850 3439 2001 3486 omnia,
2027 3438 2120 3477 161.
2155 3435 2244 3475 fons

1377 3507 1435 3540 est
1453 3498 1544 3538 vitae
1566 3504 1744 3541 aeternae‚
1764 3496 1864 3536 267.

1324 3553 1593 3596 Verecundus
1612 3549 1927 3593 Mediolanensis
1941 3547 2039 3589 civis
2054 3552 2096 3588 et
2114 3557 2244 3598 gram-

1376 3609 1563 3656 maticus,
1578 3609 1707 3663 Aug⁰.
1719 3606 1886 3661 ejusque
1898 3603 2015 3646 sociis
2023 3599 2246 3644 familiaris-

1376 3666 1511 3711 simus,
1545 3665 1636 3704 133.
1685 3661 1924 3704 Nebridium
1953 3658 2175 3714 adjutorem
2202 3654 2245 3694 in

1378 3720 1550 3762 docendi
1578 3718 1706 3760 officio
1734 3716 1903 3772 flagitat,
1927 3715 1983 3756 ib.
2030 3713 2167 3766 Augo.
2193 3709 2245 3749 de

1379 3776 1530 3819 saeculo
1550 3773 1716 3830 fugienti
1732 3786 1824 3815 cum
1845 3770 1956 3814 sociis
1975 3766 2160 3811 concedit
2177 3775 2246 3806 rus
