2378 4134
142 1334 314 1374 Adoles-

142 1390 283 1429 centiae

141 1453 303 1485 aetatem

141 1508 182 1539 et
204 1502 300 1540 vitia

141 1556 294 1597 recolit.

205 2243 266 2283 11.

139 2298 304 2338 Annum

138 2355 271 2394 aetatis

138 2423 221 2448 suae
244 2410 314 2450 de-

139 2465 290 2504 cimum

138 2528 293 2561 sextum

138 2575 179 2614 in
210 2590 270 2615 ar-

139 2631 234 2671 dore
263 2631 309 2670 li-

136 2687 319 2727 bidinoso

139 2750 234 2781 con-

138 2811 273 2851 sump-

139 2859 238 2893 tum.

906 581 1163 644 LIBER
1208 580 1695 644 SECUNDUS.

348 755 420 797 Ad
444 760 626 797 aetatem
648 752 783 796 aliam
800 751 1105 810 progreditur,
1119 750 1407 809 primumque
1423 748 1746 793 adolescentiae
1767 762 1879 802 suae‚
1894 749 1941 793 id
1962 756 2242 804 est,sextum

410 827 635 871 decimum
659 826 765 868 vitae
797 839 983 876 annum,
1006 839 1140 880 quem
1173 823 1220 866 in
1252 829 1442 881 paterna
1473 823 1608 866 domo
1640 824 1801 866 studiis
1835 824 2106 868 intermissis
2139 840 2246 868 con-

409 909 666 960 sumpserat
688 901 874 945 arbitrio
903 900 1088 958 proprio
1120 915 1172 943 ac
1194 899 1457 942 libidinibus
1479 898 1738 956 indulgens,
1761 899 1817 942 ad
1840 906 2039 942 mentem
2062 906 2244 943 revocat

410 993 513 1021 cum
535 975 661 1034 gravi
685 974 856 1027 dolore,
879 974 925 1016 in
947 974 1110 1030 quibus
1133 973 1328 1016 maxime
1350 971 1558 1025 miratur,
1581 986 1630 1015 se
1653 972 1824 1015 furtum
1851 973 2076 1030 quoddam
2098 973 2242 1030 gratis

408 1057 697 1108 perpetrasse
715 1066 728 1101 ;
762 1048 881 1105 quod
903 1053 1077 1099 contra,
1101 1061 1179 1090 cor
1199 1047 1451 1089 humanum
1473 1060 1563 1088 non
1584 1045 1673 1088 nisi
1702 1045 1852 1103 aliqua
1882 1046 1988 1089 boni
2021 1047 2174 1104 specie
2196 1046 2243 1089 in

408 1125 577 1168 malum
599 1123 736 1167 trahi.

426 1276 471 1323 1.
514 1269 812 1324 Recordari
857 1271 981 1323 volo
1026 1276 1328 1322 transactas
1378 1267 1652 1321 foeditates
1695 1286 1863 1334 meaS,
1902 1274 1957 1320 et
2001 1268 2246 1320 carnales

346 1359 720 1428 corruptiones
754 1357 950 1410 animae
974 1374 1135 1409 meae:
1176 1374 1289 1408 non
1318 1354 1468 1426 quod
1494 1373 1586 1408 eas
1613 1373 1789 1408 amem
1804 1374 1818 1419 ;
1860 1353 1957 1407 sed
1982 1360 2044 1407 ut
2069 1373 2243 1407 amem

344 1456 415 1514 te,
443 1449 597 1500 Deus
621 1465 793 1500 meus,
870 1447 1069 1498 Amore
1109 1446 1307 1498 amoris
1345 1444 1427 1498 tui
1467 1446 1607 1498 facio
1647 1443 1814 1509 istud,
1840 1445 2089 1498 recolens
2128 1444 2246 1496 vias

344 1554 494 1588 meas
532 1534 898 1605 nequissimas
936 1533 995 1585 in
1035 1532 1396 1586 amaritudine
1434 1532 1845 1601 recogitationis
1890 1549 2045 1596 meae,
2085 1539 2147 1584 ut
2186 1539 2246 1584 tu

347 1622 629 1675 dulcescas
654 1621 809 1685 mihi,
836 1619 1070 1674 dulcedo
1097 1639 1208 1672 non
1235 1620 1423 1687 fallax,
1451 1619 1685 1673 dulcedo
1713 1619 1848 1672 felix
1875 1626 1929 1671 et
1955 1637 2163 1683 secura,
2191 1626 2247 1671 et

347 1707 645 1777 colligens*
687 1727 773 1761 me
809 1727 842 1760 a
876 1707 1216 1778 dispersione
1254 1708 1313 1759 in
1354 1726 1464 1778 qua
1501 1706 1772 1759 frustatim
1805 1705 2070 1759 discissus
2105 1724 2245 1769 sum,

345 1796 475 1848 dum
514 1798 583 1850 ab
618 1815 727 1849 uno
768 1803 821 1849 te
860 1814 1080 1848 aversus
1118 1796 1176 1847 in
1210 1797 1384 1848 multa
1417 1795 1615 1848 evanui
1635 1799 1667 1846 ⁸.
1744 1794 1949 1847 Exarsi
1975 1794 2121 1846 enim
2148 1794 2245 1846 ali-

346 1882 565 1954 quando
618 1883 801 1937 satiari
839 1880 1061 1935 inferis*
1107 1882 1166 1933 in
1212 1881 1600 1947 adolescentia,
1646 1888 1701 1934 et
1744 1881 2034 1934 silvescere
2079 1899 2246 1934 ausus

344 1991 463 2024 sum
502 1972 666 2024 variis
705 1978 759 2024 et
795 1972 1068 2023 umbrosis
1107 1971 1411 2035 amoribus;
1458 1976 1513 2022 et
1539 1969 1823 2022 contabuit
1857 1969 2068 2039 species
2094 1987 2244 2032 mea3

344 2067 398 2111 et
438 2059 745 2128 computrui
785 2077 966 2112 coram
1006 2058 1180 2111 oculis
1218 2058 1327 2111 tuis
1365 2058 1593 2128 placens
1631 2056 1787 2123 mihi,
1813 2063 1868 2109 et
1892 2058 2111 2127 placere
2152 2075 2244 2109 cu-

343 2146 501 2217 piens
529 2146 703 2198 oculis
728 2146 1029 2198 hominum.

420 2239 469 2286 2.
513 2236 589 2287 Et
624 2233 759 2305 quid
796 2241 910 2286 erat
947 2232 1096 2303 quod
1131 2251 1218 2285 me
1257 2231 1581 2297 delectabat,
1607 2230 1714 2282 nisi
1753 2249 1932 2283 amare
1959 2239 2014 2283 et
2039 2229 2242 2282 amari?

347 2321 456 2374 Sed
493 2340 605 2373 non
643 2322 929 2373 tenebatur
963 2318 1157 2371 modus
1194 2321 1263 2372 ab
1300 2319 1483 2372 animo
1519 2337 1694 2389 usque
1730 2317 1801 2371 ad
1840 2317 2082 2370 animum
2111 2336 2243 2387 qua-

344 2418 503 2461 tenus
567 2416 650 2462 est
709 2405 1050 2461 luminosus‘
1105 2407 1263 2459 limes
1327 2406 1613 2470 amicitiae3
1686 2405 1780 2458 sed
1844 2405 2246 2458 exhalabantur

343 2498 559 2548 nebulae
600 2496 666 2549 de
708 2497 905 2548 limosa
945 2494 1396 2565 concupiscentia
1441 2493 1619 2546 carnis
1662 2501 1717 2546 et
1761 2495 2009 2546 scatebra
2045 2494 2244 2562 puber-

344 2584 487 2647 tatis,
531 2592 584 2636 et
629 2583 1027 2635 obnubilabant
1070 2589 1234 2652 atque
1278 2582 1623 2634 offuscabant
1666 2598 1759 2634 cor
1794 2599 1994 2647 meum,
2033 2587 2096 2633 ut
2131 2598 2243 2632 non

345 2669 738 2723 discerneretur
764 2670 1025 2723 serenitas
1052 2669 1363 2723 dilectionis
1390 2687 1423 2721 a
1450 2668 1687 2736 caligine
1710 2668 1976 2721 libidinis.
2019 2671 2244 2723 Utrum-

346 2776 451 2827 que
489 2758 547 2808 in
588 2758 815 2811 confuso
854 2759 1140 2821 aestuabat,
1167 2765 1221 2809 et
1247 2756 1496 2826 rapiebat
1530 2755 1865 2808 imbecillam
1898 2762 2114 2808 aetatem
2147 2773 2246 2825 per

345 2844 577 2914 abrupta
603 2843 982 2914 cupiditatum,
1010 2853 1174 2914 atque
1201 2844 1474 2895 mersabat
1499 2843 1711 2911 gurgite
1737 2843 2083 2911 flagitiorum.
2149 2844 2243 2895 In-

344 2931 587 2982 valuerat
636 2948 798 2999 super
846 2949 934 2982 me
983 2930 1064 2982 ira
1114 2937 1227 2995 tua,
1278 2936 1332 2981 et
1380 2930 1710 2982 nesciebam.
1800 2929 2239 2983 obsurdueram*

346 3017 571 3069 stridore
601 3025 807 3069 catenae
825 3016 1169 3069 mortalitatis
1195 3033 1348 3080 meae,
1368 3032 1535 3086 poena
1561 3016 1830 3086 superbiae
1859 3017 2054 3069 animae
2077 3035 2241 3081 meae3

345 3110 400 3156 et
430 3104 578 3156 ibam
615 3104 836 3172 longius
871 3123 904 3156 a
935 3110 1008 3168 te,
1042 3109 1097 3155 et
1135 3102 1385 3167 sinebas3
1427 3109 1482 3154 et
1506 3101 1775 3173 jactabar,
1816 3110 1871 3156 et
1904 3103 2242 3170 effundebar,

346 3196 401 3242 et
427 3189 762 3255 diffluebam,
791 3197 846 3243 et
870 3190 1200 3242 ebulliebam
1219 3207 1318 3259 per
1335 3189 1723 3243 fornicationes
1742 3208 1910 3256 meaS‚
1928 3197 1981 3244 et
2002 3192 2239 3244 tacebas,

400 3349 421 3372 ²
447 3345 504 3386 Ut
519 3345 623 3385 enim
642 3344 682 3385 in
699 3345 851 3385 circulo
863 3344 1116 3399 quantumvis
1131 3344 1267 3399 amplo
1322 3355 1474 3407 partem
1495 3344 1529 3386 si
1547 3344 1679 3399 egredi
1694 3345 1807 3394 velis,
1829 3359 1876 3387 eo
1893 3346 2128 3388 amittuntur
2153 3360 2240 3388 om·

346 3413 470 3440 unum
487 3408 546 3440 est
559 3400 732 3441 medium
750 3414 830 3454 quo
845 3407 991 3441 cuncta
1006 3407 1266 3454 convergunt,
1322 3400 1402 3446 nia,
1419 3414 1500 3454 quo
1519 3400 1560 3440 in
1577 3400 1749 3455 plurima
1769 3402 1956 3455 pergitur.
1997 3401 2062 3443 Sic
2083 3402 2242 3443 animus

346 3457 453 3509 quod
473 3463 652 3496 centrum
671 3463 881 3509 geometrae
899 3462 1056 3504 vocant,
1072 3462 1112 3495 et
1125 3468 1266 3518 quam·
1323 3456 1351 3496 a
1367 3456 1494 3510 seipso
1508 3455 1633 3503 susus,
1647 3456 1908 3497 immensitate
1924 3458 2099 3511 quadam
2114 3457 2242 3498 diver-

346 3510 404 3551 vis
422 3511 541 3550 totius
568 3511 740 3551 ambitus
769 3519 899 3566 partes
925 3509 1268 3551 innumerabiliter
1321 3511 1499 3558 beratur,
1529 3518 1570 3551 et
1597 3525 1694 3551 vera
1722 3512 1976 3553 mendicitate
2007 3512 2240 3559 conteritur,

345 3566 471 3605 secari
490 3574 653 3619 queant,
670 3566 768 3606 nihil
781 3573 914 3606 tamen
929 3574 988 3607 est
1005 3573 1147 3620 praeter
1163 3565 1266 3606 illud
1321 3579 1414 3606 cum
1435 3579 1528 3606 eum
1550 3572 1693 3607 natura
1710 3581 1783 3607 sua
1802 3567 1922 3621 cogit,
1942 3567 2092 3622 ubique
2111 3581 2238 3608 unum

347 3633 487 3666 unum,
510 3635 589 3674 quo
619 3629 764 3662 caetera
793 3622 967 3676 pariliter
993 3621 1263 3669 dimetiantur,
1321 3634 1515 3675 quaerere,
1527 3629 1569 3662 et
1586 3622 1800 3663 multitudo
1813 3637 1893 3664 non
1910 3623 2013 3664 sinit.
2042 3622 2240 3676 Aug.l.i.

347 3681 387 3713 et
401 3676 506 3727 quod
516 3675 700 3717 omnibus
711 3677 823 3731 quasi
835 3677 1008 3731 quodam
1025 3675 1266 3731 aequalitatis
1319 3677 1369 3717 de
1384 3676 1550 3723 Ordine,
1564 3690 1601 3718 c.
1620 3678 1663 3718 2.
1683 3677 1772 3719 vide
1789 3677 1860 3720 ins.
1882 3678 1912 3719 l.
1929 3677 1984 3719 ix.
2001 3691 2039 3719 c.
2053 3678 2094 3719 4.
2115 3679 2150 3730 §.
2175 3678 2239 3718 10.

342 3728 433 3781 jure
453 3730 690 3771 dominetur.
754 3731 856 3773 Hinc
873 3746 965 3773 vero
985 3732 1024 3773 in
1043 3732 1264 3787 quamlibet
1318 3738 1359 3773 et
1375 3731 1438 3776 xii.
1460 3746 1499 3773 c.
1525 3733 1590 3774 16.
1608 3734 1683 3774 sub
1703 3733 1770 3775 fin.
