2378 4134
517 223 1124 280 CONFESSIONUM
1162 221 1403 276 LIBER
1438 219 1541 272 IX.
1849 219 1953 269 159

78 357 353 433 ’potentiue
377 373 488 410 suae
513 356 728 422 tribuat,
753 355 800 408 si
825 355 988 408 verbo
1013 354 1129 425 ejus
1153 353 1292 407 alius
1316 349 1629 416 corrigatur,
1656 365 1818 418 quem
1840 346 1957 400 vult

100 443 309 511 corrigi.

175 531 257 580 19.
294 525 543 579 Educata
565 524 747 593 itaque
771 523 969 593 pudice
994 542 1058 576 ac
1085 521 1278 584 sobrie,
1294 519 1584 589 potiusque
1610 535 1643 569 a
1666 523 1719 568 te
1740 515 1958 568 subdita
2022 517 2105 558 IX·

1972 572 2132 613 Lauda-

98 611 426 684 parentibUS,
454 627 616 679 quam
653 626 686 660 a
721 608 1034 677 parentibus
1072 606 1191 669 tibi,
1215 604 1311 656 ubi
1348 603 1527 672 plenis
1561 602 1717 653 annis
1754 599 1956 651 nubilis
1971 626 2074 666 bnles

97 698 241 751 facta
273 702 370 761 est,
395 694 592 747 tradita
626 694 739 745 viro
774 693 990 745 servivit
1021 691 1187 744 veluti
1223 689 1474 751 domino;
1519 693 1574 739 et
1606 686 1802 752 sategit
1833 680 2109 736 611111ῐιηιιῐίες

1971 747 2054 773 suae

97 779 288 834 lucrari
313 779 431 843 tibi,
455 779 684 846 loquens
709 783 761 829 te
786 777 867 829 illi
891 778 1131 830 moribus
1157 777 1287 838 suiS,
1304 775 1504 844 quibus
1530 790 1647 824 eam
1674 770 1957 840 pulchram
1972 799 2100 828 mores

98 867 349 930 faciebaS,
383 873 437 918 et
467 883 558 916 rev
561 872 765 917 erenter
804 865 1091 916 amabilem
1132 870 1293 933 atque
1329 860 1629 912 mirabilem
1664 859 1795 909 viro,
1872 859 1961 909 Ita
1973 855 2106 895 prose

99 958 274 1005 autem
300 951 543 1003 toleravit
561 949 794 1002 cubilis
781 949 1019 1019 mjurias,
1035 956 1095 1000 ut
1112 949 1316 1000 nullam
1336 945 1402 997 de
1421 946 1524 997 hac
1544 962 1600 995 re
1621 962 1746 996 cum
1764 911 2001 995 maritoq

98 1036 316 1089 haberet
332 1053 570 1105 unquam
591 1035 929 1087 simultatem.
983 1034 1359 1102 Exspectabat
1377 1032 1521 1083 enim
1540 1029 1963 1081 misericordiam

98 1130 243 1177 tuam
269 1141 429 1192 super
454 1141 593 1186 eum,
610 1123 744 1174 utin
769 1129 822 1174 te
850 1121 1072 1174 credens
1094 1121 1493 1174 castificaretur.
1560 1120 1695 1170 Erat
1718 1135 1844 1168 vero
1870 1117 1963 1168 ille

97 1216 365 1278 praeterea,
394 1208 534 1259 sicut
566 1207 940 1258 benevolentia
963 1205 1290 1274 praecipUUS,
1315 1205 1391 1255 ita
1415 1203 1494 1255 ira
1520 1202 1772 1254 fervidus
1852 1201 1963 1254 Sed

97 1299 314 1346 noverat
337 1293 454 1344 haec
478 1309 589 1342 non
614 1290 858 1342 resistere
883 1290 1019 1340 irato
1045 1289 1176 1352 viro,
1202 1307 1313 1340 non
1349 1294 1559 1339 tantum
1583 1286 1743 1350 facto,
1772 1286 1868 1338 sed
1892 1303 1962 1337 ne

98 1379 257 1430 verbo
291 1376 524 1446 quidem.
600 1373 634 1425 J
637 1394 722 1428 am
748 1394 872 1427 vero
898 1374 1182 1426 refractum
1210 1381 1263 1426 et
1288 1373 1527 1442 quietum
1554 1391 1677 1424 cum
1705 1379 1962 1441 opportu-

97 1482 226 1516 num
261 1463 481 1526 videret,
506 1463 766 1514 rationem
802 1461 932 1513 facti
971 1462 1053 1513 3111
1090 1459 1366 1523 reddebat,
1395 1459 1440 1510 si
1474 1458 1605 1509 forte
1643 1459 1736 1510 ille
1773 1459 1962 1511 incon-

99 1549 375 1603 sideratius
415 1557 712 1601 commotus
750 1547 935 1600 fuerat.
1012 1547 1282 1616 Denique,
1323 1564 1446 1598 cum
1484 1552 1741 1597 inatronae
1779 1547 1962 1597 multae

101 1655 323 1707 quarum
380 1637 478 1687 viri
538 1637 925 1688 mansuetiores
976 1642 1143 1699 erant,
1191 1635 1471 1703 plagarum
1522 1633 1750 1700 vestigia
1800 1635 1963 1685 etiam

100 1722 449 1775 dehonestata
491 1721 628 1772 facie
682 1727 940 1787 gererent,
990 1720 1129 1771 inter
1178 1719 1352 1770 amica
1403 1719 1676 1787 colloquia
1723 1720 1830 1770 illae
1878 1737 1959 1771 ar-

101 1808 334 1875 guebant
372 1806 681 1856 maritorum
721 1806 903 1870 vitam,
944 1805 1062 1856 11166
1116 1822 1297 1856 earum
1347 1804 1606 1871 linguam,
1652 1805 1820 1855 veluti
1867 1822 1964 1874 per

90 1891 274 1961 jocum
317 1891 545 1957 graviter
584 1890 893 1953 admonens,
936 1908 1006 1940 ex
1051 1908 1158 1958 quo
1202 1889 1323 1940 illas
1363 1890 1575 1940 tabulas
1619 1908 1740 1957 quae
1781 1890 1962 1941 matri-

97 1976 355 2028 moniales
405 1984 678 2038 vocantur,
718 1976 928 2027 recitari
975 1975 1266 2037 audissent,
1310 1982 1567 2042 tanquam
1611 1974 1965 2043 instrumenta

99 2061 294 2131 quibus
343 2061 554 2112 ancillae
604 2061 760 2111 factae
812 2067 1007 2122 essent,
1061 2059 1318 2128 deputare
1380 2059 1672 2120 debuisse;
1736 2060 1963 2128 proinde

96 2166 354 2200 memores
395 2147 718 2200 conditionis
759 2147 1032 2215 superbire
1078 2146 1329 2198 adversus
1370 2145 1616 2197 dominos
1657 2165 1766 2197 non
1808 2165 1964 2216 opor-

96 2241 220 2286 tere.
297 2233 542 2302 Cumque
582 2233 896 2284 mirarentur
932 2233 1058 2295 illae,
1096 2232 1326 2283 scientes
1367 2250 1528 2299 quam
1566 2232 1797 2284 ferocem
1836 2251 1964 2285 con-

88 2317 275 2388 jugem
301 2318 599 2380 sustineret,
623 2336 901 2386 nimquam
938 2317 1103 2368 fuisse
1141 2316 1400 2380 auditum,
1429 2323 1521 2368 aut
1548 2317 1731 2385 aliquo
1759 2318 1962 2370 indicio

96 2404 365 2467 claruisse,
411 2402 559 2471 quod
603 2402 869 2454 Patricius
921 2400 1172 2452 ceciderit
1222 2419 1465 2463 uxorem,
1511 2408 1603 2452 aut
1646 2402 1792 2470 quod
1833 2422 1865 2454 a
1905 2422 1962 2455 se

94 2488 324 2541 invicem
347 2489 432 2540 vel
458 2506 625 2539 unum
652 2488 794 2539 diem
829 2487 1124 2539 domestica
1148 2487 1241 2538 lite
1269 2486 1637 2550 dissenserint,
1665 2495 1718 2539 et
1744 2507 1962 2541 causam

92 2573 418 2625 familiariter
463 2580 791 2641 quaererent3
846 2571 1075 2623 docebat
1115 2572 1210 2623 illa
1250 2572 1553 2623 institutum
1597 2591 1771 2636 suum,
1815 2574 1962 2643 quod

97 2677 258 2726 supra
289 2659 591 2710 memoravi.
668 2660 803 2718 Quae
843 2660 1214 2719 observabant,
1249 2664 1487 2726 expertae
1523 2660 1958 2724 gratulabantur3

99 2762 218 2813 quae
244 2762 352 2794 non
378 2745 751 2808 observabant,
781 2743 1035 2811 subjectae
1061 2744 1411 2794 vexabantur.

169 2833 254 2878 20.
296 2829 520 2880 Socrum
546 2830 706 2881 etiam
733 2848 883 2881 suam
908 2829 1079 2897 primo
1108 2829 1334 2880 susurris
1360 2830 1620 2880 malarum
1647 2831 1961 2882 ancillarum

98 2912 374 2965 adversum
414 2933 468 2966 se
506 2915 764 2967 irritatam
805 2915 880 2968 sic
921 2916 1082 2967 evicit
1121 2915 1416 2983 obsequiis,
1442 2933 1788 2986 perseverans
1827 2917 1959 2967 tole-

97 2999 266 3050 rantia
292 3005 345 3050 et
368 3000 794 3066 mansuetudine,
820 3007 880 3052 ut
903 3002 997 3053 illa
1034 3002 1174 3051 ultro
1214 2999 1328 3050 filio
1369 3018 1466 3052 suo
1505 3001 1710 3053 medias
1747 3001 1960 3067 linguas

98 3082 410 3134 famularum
434 3084 698 3152 proderet,
726 3085 923 3154 quibus
947 3086 1086 3137 inter
1113 3103 1168 3136 se
1202 3092 1255 3136 et
1285 3102 1478 3135 nurum
1515 3103 1627 3152 pax
1666 3086 1962 3137 domestica

98 3167 424 3232 turbabatur,
450 3176 829 3238 expeteretque
855 3170 1163 3222 vindictam.
1241 3170 1434 3237 Itaque
1465 3176 1816 3238 posteaquam
1851 3170 1960 3232 ille,

101 3255 155 3300 et
179 3250 333 3300 matri
370 3253 758 3320 obtemperans,
795 3262 848 3305 et
882 3272 1074 3305 curans
1110 3253 1326 3304 famili-ec
1362 3253 1724 3320 disciplinam,
1753 3261 1806 3305 et
1832 3271 1959 3304 con-

102 3331 295 3384 cordiae
349 3351 561 3385 suorum
610 3338 912 3400 consulens,
956 3337 1195 3405 proditas
1241 3336 1309 3388 ad
1350 3335 1629 3403 prodentis
1682 3338 1958 3388 arbitrium

100 3416 408 3468 verberibus
440 3420 690 3483 coercuit,
715 3422 962 3488 promisit
994 3422 1089 3472 illa
1122 3421 1251 3472 talia
1289 3420 1355 3470 de
1393 3439 1448 3470 se
1486 3422 1708 3488 praemia
1746 3441 1958 3491 sperare

102 3499 310 3563 debere,
351 3519 701 3572 quaecumque
751 3505 817 3556 de
868 3523 964 3556 sua
1011 3522 1148 3556 nuru
1199 3504 1320 3566 sibi,
1374 3522 1482 3572 quo
1532 3506 1786 3572 placeret,
1826 3509 1955 3560 mali

101 3583 306 3653 aliquid
342 3586 675 3655 loqueretur:
724 3590 981 3658 nullaque
1011 3589 1126 3657 jam
1164 3588 1412 3653 audente,
1451 3591 1783 3643 memorabili
1821 3593 1960 3645 inter

101 3683 157 3719 se
181 3669 570 3723 benevolentia}
598 3672 856 3725 suavitate
883 3673 1150 3725 vixerunt.

1974 897 2123 950 qultur.
