2378 4134
334 170 422 226 xiv
1044 185 1484 225 ARGUMENTUM.

390 325 436 362 et
461 331 596 375 quam
628 316 751 361 fluxa
783 316 875 361 sint
903 324 950 361 et
972 318 1143 362 caduca
1171 324 1353 363 terrena
1377 317 1546 372 omnia,
1569 317 1776 376 pluribus
1814 318 2011 363 disserit.
2078 319 2208 364 Men-

386 393 556 436 tionem
590 390 701 435 facit
735 391 954 435 librorum
988 393 1044 436 de
1068 392 1266 437 Pulchro
1298 399 1346 436 et
1372 394 1512 451 Apto,
1537 407 1565 436 a
1592 406 1642 436 se
1670 406 1789 436 anno
1811 394 1960 438 aetatis
1983 393 2206 453 vigesimo

388 472 518 510 sexto
537 471 615 509 aut
636 465 858 524 vigesimo
877 467 1073 524 septimo
1095 466 1486 525 conscriptorum;
1529 480 1708 510 necnon
1721 481 1857 525 quam
1873 467 1999 512 facili
2021 467 2207 526 negotio

386 539 641 583 liberalium
662 539 828 583 artium
849 540 989 584 libros
1010 546 1146 598 atque
1167 541 1429 585 Aristotelis
1452 541 1740 600 Categorias,
1758 556 1876 586 anno
1890 542 2040 586 aetatis
2059 542 2206 586 ferme

385 613 624 672 vigesimo,
648 628 730 672 per
753 628 852 658 sese
873 612 1168 658 intellexerit.
2143 615 2203 660 45

1002 779 1190 822 LIBER
1232 777 1529 831 QUINTUS.

324 879 507 921 Annum
538 877 687 921 aetatis
726 890 820 921 suae
863 879 1046 922 exbibet
1078 877 1353 936 vigesimum
1387 891 1577 930 nonum,
1612 892 1700 935 quo
1743 877 1936 932 scilicet,
1972 885 2206 937 comperta

385 951 541 995 Fausti
563 951 808 995 Manichaei
833 952 1063 1011 imperitia
1084 952 1131 994 in
1154 951 1228 1005 iis,
1247 964 1348 1009 quae
1370 951 1448 995 isti
1471 965 1519 995 se
1542 951 1758 996 divinitus
1781 952 1897 997 scire
1912 952 2205 1010 jactitabant,

382 1026 663 1085 propositum
702 1027 749 1068 in
784 1026 862 1070 illa
896 1034 1022 1071 secta
1055 1026 1323 1084 proficiendi
1355 1026 1549 1084 abjecit3
1594 1041 1682 1084 quo
1717 1027 1857 1070 etiam
1896 1028 2101 1080 Romam,
2124 1028 2202 1071 ubi

381 1100 654 1144 rhetoricam
687 1101 990 1157 profiteretur,
1014 1107 1060 1144 et
1089 1100 1251 1144 deinde
1289 1101 1602 1144 Mediolanum
1635 1109 1687 1144 ut
1716 1102 1923 1145 eamdem
1951 1108 2096 1145 artem
2127 1103 2205 1146 do-

384 1181 524 1227 ceret,
555 1175 709 1217 abdita
741 1175 829 1218 Dei
864 1175 1150 1233 providentia
1177 1174 1345 1218 missus
1382 1181 1452 1218 est
1469 1192 1481 1228 3
1522 1175 1599 1218 ubi
1622 1176 1764 1234 coepit
1785 1177 1938 1220 audito
1960 1177 2204 1220 Ambrosio

379 1248 665 1306 resipiscere,
715 1254 761 1291 et
815 1249 1164 1293 Manichaeismo
1219 1249 1446 1303 abdicato,
1490 1250 1845 1294 catechumenus
1891 1251 1939 1294 in
1993 1251 2204 1295 Ecclesia

381 1322 622 1366 Catholica
644 1323 791 1366 denuo
811 1323 910 1367 fieri
933 1323 1148 1368 decrevit.
2140 1323 2200 1368 63

1022 1485 1209 1529 LIBER
1253 1487 1508 1530 SEXTUS.

321 1586 550 1630 Monnicae
585 1588 743 1630 matris
780 1588 895 1645 ejus,
934 1589 1170 1642 adventus,
1206 1595 1252 1633 et
1288 1589 1414 1647 pium
1449 1604 1559 1648 erga
1590 1590 1883 1634 Ambrosium
1919 1590 2201 1647 obsequium.

378 1661 608 1704 Ambrosii
626 1676 773 1704 mores
789 1669 833 1704 et
847 1662 953 1705 vitae
970 1662 1169 1706 habitus.
1231 1664 1349 1721 Aug.
1367 1678 1535 1706 annum
1555 1663 1704 1707 aetatis
1727 1678 1868 1722 agens
1890 1665 2199 1722 trigesimum,

379 1736 610 1778 Ambrosii
645 1737 885 1779 conciones
917 1736 1192 1793 frequentat,
1216 1744 1262 1780 et
1294 1737 1548 1780 doctrinam
1572 1738 1858 1781 Catholicam
1881 1753 1907 1781 a
1929 1739 2201 1781 Manichaeis

378 1809 494 1852 falso
528 1810 779 1852 insimulari
818 1810 983 1853 clarius
1018 1811 1263 1869 intelligit;
1312 1812 1417 1854 fidei
1451 1818 1606 1855 tamen
1644 1819 1854 1855 naturam
1892 1819 1938 1855 et
1974 1812 2196 1856 utilitates

378 1884 498 1926 haud
521 1883 723 1941 attingit.
786 1884 940 1941 Alypii
974 1885 1108 1927 amici
1141 1885 1239 1942 ejus
1269 1899 1435 1929 mores.
1500 1887 1551 1928 In
1584 1886 1763 1929 diversa
1788 1887 1982 1944 rapitur,
2005 1888 2113 1930 dum
2143 1888 2199 1930 de

377 1958 470 2001 vita
497 1958 659 2001 melius
697 1958 979 2002 instituenda
1006 1959 1255 2012 deliberat3
1299 1961 1458 2003 mortis
1483 1975 1660 2017 quoque
1694 1975 1746 2005 ac
1767 1961 1930 2018 judicii
1951 1968 2076 2005 metu
2098 1975 2201 2020 per-

378 2031 546 2084 culsus,
566 2033 620 2075 ad
643 2032 748 2075 vitae
771 2033 1111 2076 conversionem
1133 2034 1180 2076 in
1203 2033 1299 2076 dies
1323 2034 1602 2077 accenditur.
2132 2033 2198 2078 82

985 2197 1170 2239 LIBER
1214 2197 1538 2239 SEPTIMUS.

314 2296 574 2339 Juventutis
598 2310 693 2339 suae
719 2298 972 2350 exordium,
1013 2299 1060 2340 id
1097 2305 1168 2340 est
1198 2313 1366 2341 annum
1400 2298 1549 2340 aetatis
1582 2298 1871 2356 trigesimum
1899 2298 2116 2355 primum,
2139 2299 2195 2341 ob

373 2371 540 2413 mentis
575 2371 731 2413 oculos
766 2372 957 2415 reducit.
1024 2373 1192 2415 Narrat
1231 2386 1278 2415 se
1308 2379 1577 2430 argumento
1600 2373 1794 2429 quodam
1827 2372 2036 2415 Nebridii
2065 2372 2195 2415 valde

372 2445 649 2502 perculsum,
675 2446 839 2488 crassis
863 2453 1015 2489 tamen
1039 2447 1186 2490 adhuc
1209 2447 1408 2489 tenebris
1432 2447 1626 2499 obvolvi,
1651 2462 1754 2490 cum
1778 2447 1832 2489 de
1865 2448 1964 2489 Deo
1996 2461 2087 2489 non
2106 2446 2194 2489 nisi

375 2519 671 2576 corporaliter
707 2521 876 2563 sentire
910 2521 1141 2578 potuerit3
1198 2521 1480 2564 Manichaeos
1517 2535 1626 2579 ergo
1662 2521 1802 2579 impie
1845 2521 2012 2563 sentire
2054 2522 2196 2579 probe

373 2594 536 2646 cernit,
554 2594 776 2637 Ecclesiae
792 2610 897 2637 vero
914 2596 1050 2637 fidem
1064 2596 1249 2638 omnino
1264 2595 1480 2653 amplecti
1495 2596 1677 2651 nequit3
1713 2611 1739 2638 a
1761 2595 2195 2638 Mathematicorum

372 2669 599 2711 erroribus
618 2676 881 2722 revocatur-3
913 2670 1164 2726 quaestione
1182 2676 1353 2722 tamen,
1370 2671 1488 2712 unde
1505 2669 1706 2712 malum?
1743 2670 1908 2712 misere
1927 2675 2163 2726 torquetur
2180 2687 2194 2722 ς

373 2742 618 2800 plurimum
650 2758 674 2785 e
703 2743 1044 2788 Platonicorum
1079 2745 1206 2787 libris
1242 2745 1438 2802 proficit,
1461 2759 1611 2800 neque
1646 2750 1800 2787 tamen
1826 2743 2067 2795 sufficiunt,
2091 2759 2195 2787 cum

374 2817 428 2858 de
452 2816 627 2859 Christi
667 2818 978 2859 incarnatione
1004 2833 1142 2875 prave
1174 2819 1396 2868 senserit;
1435 2818 1632 2875 arreptis
1655 2832 1761 2861 vero
1786 2818 1832 2860 S.
1859 2817 2125 2874 Scripturis,
2148 2823 2194 2859 et

374 2890 630 2947 praesertim
651 2890 873 2947 Apostolo
896 2891 1052 2943 Paulo,
1076 2891 1382 2934 dubitationes
1401 2891 1497 2948 ejus
1521 2906 1677 2934 omnes
1701 2891 1960 2935 concidunt.
2106 2889 2191 2933 103

992 3066 1179 3108 LIBER
1221 3064 1525 3110 OCTAVUS.

311 3167 431 3210 Vitae
453 3168 596 3225 ipsius
625 3174 799 3225 partem
831 3168 1017 3226 attingit
1049 3169 1411 3222 celeberrimam,
1434 3184 1603 3212 annum
1633 3170 1781 3212 aetatis
1811 3169 2097 3226 trigesimum
2125 3183 2190 3212 se-

372 3243 584 3293 cundum,
602 3256 690 3298 quo
713 3256 877 3299 nempe
900 3257 1002 3285 cum
1020 3243 1366 3300 Simplicianum
1391 3243 1710 3295 consuluisset,
1727 3243 1880 3286 audita
1901 3244 1955 3286 ab
1971 3258 2024 3286 eo
2038 3243 2193 3286 Victo-

374 3315 461 3357 rini
484 3315 800 3367 conversione,
824 3317 879 3358 ad
902 3316 1174 3359 imitandum
1197 3317 1380 3360 exarsit.
1446 3319 1564 3360 Tum
1581 3331 1702 3369 vero,
1723 3317 1778 3360 iis
1799 3330 1901 3374 quae
1924 3318 1978 3359 de
1991 3318 2191 3361 Antonio

371 3389 594 3446 AEgyptio
627 3390 852 3432 monacho
885 3396 930 3432 et
962 3390 1153 3432 duorum
1186 3391 1438 3435 aulicorum
1471 3391 1768 3434 conversione
1795 3406 1822 3433 a
1844 3392 2104 3435 Pontitiano
2127 3393 2194 3436 di-

374 3462 502 3512 dicit,
525 3463 674 3521 magis
695 3463 931 3521 magisque
953 3477 1192 3516 accensuS,
1216 3471 1320 3522 post
1336 3465 1653 3508 vehementem
1676 3465 1846 3508 luctam
1869 3466 1987 3508 inter
2009 3480 2191 3509 carnem

371 3542 418 3578 et
460 3536 688 3593 spiritum,
731 3538 936 3581 codicem
978 3538 1191 3596 Apostoli
1234 3539 1412 3582 coelesti
1449 3539 1708 3582 admonitus
1742 3540 1925 3582 oraculo
1960 3540 2188 3597 inspexit;

372 3609 578 3665 lectoque
612 3611 688 3667 qui
722 3612 813 3669 ipsi
846 3612 1021 3669 primus
1065 3614 1265 3656 occurrit
1307 3613 1551 3666 versiculo,
1586 3613 1772 3656 omnino
1815 3614 2102 3667 immutatur,
2144 3619 2191 3655 et

373 3682 565 3739 diruptis
590 3685 895 3741 cupiditatum
919 3686 1112 3730 vinculis
1134 3693 1259 3732 totus
1281 3688 1338 3732 ad
1362 3689 1509 3732 Deum
1534 3688 1828 3732 convertitur.
2103 3685 2185 3729 125
