2378 4134
80 111 84 113 “
102 122 124 177 ,9

563 187 1172 244 CONFESSIONUM
1207 184 1451 240 LIBER
1485 185 1556 238 X.
1893 187 1998 239 189

107 381 110 387 ,
133 321 295 381 etiam
318 322 379 375 in
403 326 553 375 casto
579 318 892 372 dormientis
921 322 1137 383 affectu,
1160 336 1272 371 non
1298 322 1508 372 tantum
1530 315 1590 368 in
1614 314 1719 369 hac
1744 315 1874 382 vita,
1900 315 1998 370 sed

132 409 294 464 etiam
327 407 387 462 in
421 407 525 460 hac
563 410 738 470 aetate,
762 423 875 459 non
911 423 1169 474 magnum
1197 411 1282 458 est
1316 403 1696 473 omnipotenti,
1721 404 1818 474 qui
1850 407 1998 458 vales
2013 417 2120 471 Eph.
2139 417 2181 462 3.

114 497 312 569 facere
351 510 522 561 supra
558 509 723 562 quam
754 493 1001 559 petimus
1042 497 1099 544 et
1146 491 1520 558 intelliyimus.
1598 490 1765 543 Nunc
1817 497 1998 544 tamen
2009 474 2081 514 ²⁰·

130 581 190 636 in
228 576 395 651 quid*
426 577 604 631 adhuc
644 576 747 629 sim
783 577 842 629 in
878 577 987 630 hoc
1030 593 1224 645 genere
1263 575 1392 628 mali
1434 573 1561 639 mei,
1594 573 1716 627 dixi
1754 576 1996 630 Domino

130 668 275 721 bono
301 682 420 718 meo
445 665 730 717 exsultans
754 681 878 715 cum
907 670 1136 716 tremore
1167 662 1226 715 in
1260 678 1325 714 eo
1353 659 1503 732 quod
1528 659 1743 713 donasti
1766 661 1919 727 mihi,
1945 669 1999 714 et
2018 669 2084 711 Ps.
2104 672 2147 719 2,

130 755 323 821 lugens
345 751 404 804 in
431 769 495 804 eo
523 749 671 821 quod
695 750 1160 804 inconsummatus
1192 766 1330 813 sum,
1358 744 1615 818 sperans*
1636 745 1998 816 perfecturum
2019 727 2080 764 ¹¹·

133 846 185 894 te
208 840 266 892 in
290 857 376 892 me
400 837 794 890 misericordias
829 844 950 890 tuas
982 853 1155 906 usque
1181 835 1250 890 ad
1276 854 1468 906 pacem
1491 835 1808 905 plenariam,
1835 853 1999 905 quam

134 934 311 979 tecum
352 925 633 977 habebunt
678 923 932 977 interiora
975 930 1031 976 et
1071 922 1341 975 exteriora
1385 940 1524 988 mea,
1569 939 1694 974 cum
1743 920 1997 989 absorpta
2019 920 2159 1014 *02¹4

116 1011 301 1082 suerit
325 1027 468 1062 mors
491 1012 552 1062 in
578 1011 880 1061 victoriam.
2073 1004 2083 1021 '
2164 1002 2175 1014 ’

203 1101 288 1150 43.
328 1098 434 1149 Est
449 1097 555 1150 alia
568 1098 790 1149 malitia
806 1097 936 1160 diei,
954 1114 1075 1166 quae
1092 1095 1300 1148 utinam
1317 1094 1558 1165 sufficiat
1574 1095 1641 1148 ei.
1699 1093 1999 1147 Reficimus
2026 1099 2190 1139 XXXI·

132 1183 276 1235 enim
297 1180 639 1252 quotidianas
658 1181 842 1234 ruinas
860 1180 1098 1250 corporis
1115 1179 1325 1232 edendo
1342 1188 1397 1232 et
1409 1180 1668 1245 bibendo,
1682 1181 1998 1251 priusquam
2013 1155 2180 1261 gettissead

133 1287 276 1322 escas
302 1275 355 1320 et
379 1274 619 1320 ventrem
646 1267 913 1332 destruaS,
940 1284 1063 1319 cum
1099 1264 1363 1318 occideris
1395 1265 1753 1332 indigentiam
1784 1263 2140 1356 meam*{‘.³¹¹¹²·

130 1355 370 1407 satietate
411 1352 656 1416 mirifica,
695 1359 750 1405 et
781 1351 1136 1419 corruptibile
1172 1353 1270 1403 hoc
1306 1351 1556 1403 indueris
1591 1353 2000 1419 incorruptione
2015 1331 2139 1425 813ῗὲ

135 1442 472 1510 sempiterna.
574 1442 737 1493 Nunc
799 1445 979 1492 autem
1038 1439 1218 1492 suavis
1268 1445 1352 1490 est
1398 1438 1534 1490 mihi
1583 1439 1897 1503 necessitaS,
1948 1445 2003 1490 et
2016 1441 2120 1532 gint-
2143 1441 2185 1487 6,

134 1526 389 1580 adversus
412 1526 571 1579 istam
610 1526 928 1579 suavitatem
961 1543 1149 1594 pugno
1183 1542 1252 1576 ne
1287 1524 1503 1593 capiar3
1544 1532 1598 1577 et
1622 1522 2183 1602 quotidianumldoffi

128 1612 329 1665 bellum
358 1629 482 1679 gero
509 1611 564 1662 in
582 1610 827 1681 jejuniiS‚
856 1611 1060 1679 saepius
1082 1612 1138 1662 in
1168 1612 1482 1662 servitutem
1519 1610 1769 1676 occimens-
1804 1627 2000 1678 corpus
2019 1618 2085 1656 13.
2186 1592 2200 1613 ⁹

129 1715 337 1761 meum3
391 1703 447 1748 et
484 1696 696 1749 dolores
733 1696 840 1748 mei
878 1697 1153 1765 voluptate
1192 1696 1481 1764 pelluntur.
1559 1697 1704 1747 Nam
1740 1695 1909 1748 fames
1947 1704 2001 1748 et
2014 1686 2083 1780 ᾖ
2109 1687 2172 1733 15,

131 1784 246 1837 sitis
286 1782 508 1853 quidam
539 1783 751 1834 dolores
786 1790 945 1847 sunt3
985 1790 1163 1848 urunt,
1191 1788 1246 1833 et
1271 1782 1414 1834 sicut
1442 1781 1623 1846 febriS,
1650 1788 1866 1848 necant,
1892 1782 1998 1834 nisi
2015 1808 2080 1847 lb.
2101 1809 2142 1854 9.

129 1869 509 1921 alimentorum
533 1868 806 1922 medicina
833 1876 1122 1922 succurrat.
1199 1869 1335 1928 Quae
1372 1868 1629 1937 quoniam
1665 1875 1867 1937 praesto
1895 1876 1994 1933 est,
2013 1863 2081 1902 27.

128 1971 200 2004 ex
226 1953 594 2005 consolatione
618 1970 899 2005 munerum
924 1960 1154 2017 tuorum,
1172 1952 1231 2004 in
1251 1951 1450 2020 quibus
1475 1959 1673 2005 nostrae
1698 1953 2000 2006 infirmitati

129 2047 265 2091 terra
291 2044 345 2090 et
370 2056 511 2108 aqua
536 2045 590 2091 et
616 2039 813 2090 coelum
840 2039 1094 2103 serviunt,
1122 2038 1401 2091 calamitas
1426 2037 1636 2091 deliciae
1663 2037 1976 2091 vocantnff.

200 2128 287 2173 44.
328 2124 455 2175 Hoc
490 2141 575 2175 me
612 2123 865 2188 docuisti,
900 2129 960 2175 ut
989 2122 1444 2192 quemadmodum
1474 2123 1884 2190 medicamenta,
1913 2125 1992 2177 sic

128 2209 379 2261 alimenta
406 2216 716 2277 sumpturus
741 2208 1011 2262 accedam.
1090 2208 1200 2261 Sed
1226 2208 1354 2260 dum
1381 2208 1451 2261 ad
1477 2209 1711 2278 quietem
1728 2211 1992 2264 satietatis

125 2311 195 2346 ex
219 2293 531 2361 indigentiae
558 2295 805 2347 molestia
835 2302 1066 2360 transeo,
1091 2294 1151 2345 in
1186 2294 1308 2363 ipso
1346 2295 1574 2347 transitu
1603 2296 1738 2348 mihi
1768 2297 1991 2350 insidia-

126 2388 209 2433 tur
249 2383 475 2451 laqueus
519 2376 1009 2451 concupiscentiae(
1071 2383 1197 2451 Ipse
1250 2382 1393 2434 enim
1442 2383 1697 2435 transitus
1737 2385 1990 2454 voluptas

127 2473 226 2530 est,
251 2474 305 2519 et
337 2485 448 2518 non
482 2473 564 2519 est
597 2467 735 2519 alius
762 2483 870 2536 qua
894 2474 1192 2519 transeatur
1217 2465 1362 2537 quo*
1382 2468 1606 2520 transire
1632 2469 1780 2536 cogit
1801 2488 1987 2523 neces-

125 2552 271 2603 sitas.
347 2553 424 2603 Et
455 2570 578 2604 cum
612 2553 757 2604 salus
795 2552 866 2604 sit
897 2571 1062 2605 causa
1087 2552 1284 2605 edendi
1309 2561 1363 2605 et
1386 2554 1628 2618 bibendi,
1655 2555 1905 2625 adjungit
1929 2576 1985 2610 se

123 2644 382 2707 tanquam
431 2637 758 2706 pedissequa
803 2638 1109 2707 periculosa
1148 2637 1465 2708 jucunditas
1486 2659 1499 2703 3
1565 2647 1619 2692 et
1667 2642 1985 2713 plerumque

125 2723 315 2792 praeire
341 2731 579 2787 conatur,
596 2729 656 2774 ut
671 2722 785 2792 ejus
812 2742 977 2776 causa
1000 2723 1096 2776 fiat
1122 2724 1271 2794 quod
1298 2725 1485 2777 salutis
1512 2744 1676 2779 causa
1700 2746 1785 2780 me
1810 2729 1986 2783 facere

127 2810 214 2861 vel
238 2808 378 2873 dico,
397 2810 482 2861 vel
509 2810 648 2861 volo.
726 2811 846 2863 Nec
866 2810 1010 2863 idem
1025 2811 1218 2863 modus
1237 2812 1515 2883 utriusque
1542 2819 1646 2865 est:
1685 2832 1812 2866 nam
1839 2815 1987 2885 quod

127 2894 286 2947 saluti
331 2895 459 2947 satis
499 2903 597 2959 est,
632 2894 976 2949 delectationi
1009 2915 1201 2966 parum
1243 2904 1339 2950 est.
1415 2899 1491 2951 Et
1535 2917 1679 2968 saepe
1721 2900 1986 2953 incertum

128 2980 191 3034 fit
232 2988 407 3034 utrum
447 2980 624 3033 adhuc
668 2981 969 3035 necessaria
1017 2983 1258 3051 corporis
1298 3001 1425 3036 cura
1475 2986 1776 3038 subsidium
1817 2994 1987 3056 petat,

128 3085 198 3119 an
228 3067 531 3136 voluptaria
561 3068 875 3137 cupiditatis
911 3069 1123 3122 fallacia
1159 3070 1514 3123 ministerium
1553 3080 1819 3142 suppetat.
1897 3075 1984 3126 Ad

127 3153 230 3206 hoc
249 3153 512 3205 incertum
527 3153 803 3207 hilarescit
818 3154 1010 3207 infelix
1030 3156 1225 3221 anima,
1245 3166 1299 3208 et
1316 3156 1373 3208 in
1394 3175 1458 3209 eo
1476 3168 1742 3227 praeparat
1756 3154 1982 3212 excusa-

126 3236 289 3289 tionis
313 3238 687 3306 patrocinium,
708 3239 950 3307 gaudens
974 3258 1084 3291 non
1109 3259 1367 3311 apparere
1392 3242 1526 3312 quid
1551 3244 1682 3296 satis
1708 3244 1777 3296 sit
1800 3244 1982 3297 mode-

125 3322 318 3374 rationi
366 3324 708 3389 valetudinis,
755 3332 817 3377 ut
865 3327 1087 3378 obtentu
1137 3326 1325 3378 salutis
1376 3329 1660 3380 obumbret
1706 3330 1982 3396 negotium

126 3408 434 3476 voluptatis,
526 3411 636 3462 His
685 3411 1073 3464 tentationibus
1123 3411 1365 3481 quotidie
1415 3431 1582 3466 conor
1629 3416 1890 3481 resistere,
1929 3424 1983 3470 et

126 3492 320 3544 invoco
365 3493 640 3547 dexteram
679 3494 864 3549 tuam*
902 3504 956 3549 et
996 3497 1066 3548 ad
1114 3504 1167 3548 te
1210 3496 1379 3550 refero
1431 3507 1594 3553 aestus
1642 3519 1810 3569 meOS‚
1853 3504 1982 3574 quia

128 3577 413 3630 consilium
436 3579 571 3631 mihi
594 3580 662 3633 de
684 3581 789 3634 hac
813 3600 870 3634 re
894 3580 1135 3633 nondum
1160 3588 1279 3634 stat.

202 3667 286 3714 45.
326 3663 503 3715 Audio
530 3681 714 3718 vocem
732 3665 977 3734 jubentis
1004 3665 1111 3717 Dei
1149 3667 1284 3719 mei:
1324 3670 1449 3722 Non
1481 3680 1781 3737 yraveutur
1811 3675 1977 3730 corda
1992 3676 2092 3771 {210-
2112 3678 2180 3723 2¹,
