2378 4134
558 265 1160 323 GONFESSIONUM
1197 264 1437 316 LIBER
1475 264 1576 315 IX.
1890 266 1992 317 165

142 417 149 438 ⁷
217 406 302 454 32.
341 401 481 454 Cum
524 415 650 451 ecce
690 414 886 466 corpus
935 397 1133 448 elatum
1182 392 1319 459 est',
1361 394 1546 458 imus',
1586 393 1823 446 redimus
1875 395 1992 447 sine

142 486 405 555 lacrymis,
455 484 598 535 Nam
621 499 798 551 neque
821 481 879 532 in
904 481 983 533 eis
1005 479 1282 550 precibus²
1307 496 1443 549 quas
1470 478 1569 530 tibi
1593 477 1848 542 fudimus,
1866 497 1989 532 cum

145 572 413 623 offerretur
435 585 532 637 pro
557 584 620 619 ea
647 566 970 619 sacrificium
993 565 1151 636 pretii
1168 565 1355 629 nostri,
1377 563 1488 634 jam
1505 562 1668 634 juxta
1684 565 1990 632 sepulcrum

143 656 317 727 posito
344 654 616 718 cadavere,
642 653 954 723 priusquam
981 652 1352 723 deponeretur,
1379 651 1520 704 sicut
1542 650 1655 703 illic
1693 650 1808 702 fieri
1835 652 1989 715 solet,

142 759 242 794 nec
267 740 324 792 in
350 739 427 791 eis
451 756 551 806 ego
575 738 826 807 precibus
851 739 1000 790 flevi:
1042 737 1137 790 sed
1162 744 1276 790 toto
1305 736 1392 788 die
1421 737 1650 804 graviter
1685 736 1742 786 in
1776 738 1990 789 occulto

145 831 364 877 moestus
398 841 558 886 eram,
585 830 639 874 et
661 829 838 874 mente
871 825 1084 875 turbata
1116 822 1373 889 rogabam
1406 827 1477 885 te,
1504 828 1566 872 ut
1593 827 1854 890 poteram,
1882 839 1990 890 quo

145 927 356 963 sanares
404 907 639 960 dolorem
690 926 886 971 meum,
924 926 1025 960 nec
1068 908 1333 971 faciebas3
1391 905 1567 970 cred0,
1609 905 1992 958 commendans

142 994 407 1047 memoriae
443 1012 596 1055 meae,
621 994 704 1044 vel
731 994 835 1045 hoc
861 1010 970 1044 uno
1006 991 1347 1056 documentO,
1374 992 1550 1043 omnis
1585 990 1992 1044 consuetudinis

142 1079 428 1141 vinculum,
455 1079 613 1130 etiam
641 1077 894 1130 adversus
919 1084 1153 1129 mentem
1179 1096 1300 1147 quae
1318 1076 1435 1146 jam
1460 1096 1571 1129 non
1611 1077 1789 1129 fallaci
1829 1078 1991 1129 verbo

144 1162 431 1233 pascitur*.
506 1163 694 1214 Visum
737 1163 899 1214 etiam
941 1162 1075 1213 mihi
1120 1170 1202 1215 est
1244 1169 1304 1214 ut
1345 1163 1476 1214 irem
1524 1164 1788 1225 lavatum3
1847 1162 1995 1232 quod

144 1248 412 1302 audieram
445 1247 571 1299 inde
608 1248 816 1299 balneis
850 1265 1046 1299 nomen
1083 1247 1332 1311 inditum,
1365 1249 1494 1317 quia
1530 1249 1710 1300 Graeci
1748 1248 1996 1312 βαλανεῖον

145 1333 391 1397 dixerint,
435 1333 583 1402 quod
623 1333 951 1385 anxietatem
995 1334 1164 1402 pellat
1202 1351 1273 1385 ex
1314 1333 1509 1386 animo.
1586 1335 1735 1386 Ecce
1787 1342 1840 1386 et
1888 1335 1993 1386 hoc

144 1418 400 1470 confiteor
421 1417 797 1470 misericordiae
823 1424 948 1481 tuae,
975 1419 1150 1470 Pater
1174 1421 1558 1485 orphanorum,
1586 1419 1841 1488 quoniam
1866 1421 1993 1483 lavi,
2008 1434 2071 1476 Ps.
2100 1436 2168 1483 67,

144 1510 198 1555 et
224 1504 340 1555 talis
366 1521 509 1555 eram
536 1503 711 1572 qualis
735 1503 1051 1572 priusquam
1075 1503 1343 1555 lavissem.
1422 1505 1616 1572 Neque
1651 1504 1795 1555 enim
1834 1523 1993 1556 exsu-
2007 1490 2047 1529 6.

145 1587 291 1639 davit
314 1587 380 1639 de
407 1587 566 1640 corde
597 1605 718 1639 meo
750 1588 993 1639 moeroris
1032 1588 1345 1640 amaritudo.
1424 1588 1638 1640 Deinde
1678 1588 1905 1641 dormivi
1943 1597 1997 1641 01

143 1673 406 1739 evigilavi,
444 1680 498 1724 et
531 1691 642 1724 non
677 1691 843 1741 parva
880 1690 950 1724 ex
988 1680 1139 1742 parte
1190 1673 1492 1741 mitigatum
1534 1675 1716 1726 inveni
1758 1675 1995 1726 dolorem

144 1776 344 1820 meum;
401 1765 561 1827 atque
599 1765 659 1809 ut
697 1776 838 1809 eram
877 1758 934 1809 in
970 1760 1112 1810 lecto
1162 1777 1282 1811 meo
1327 1762 1491 1827 801118,
1530 1760 1837 1813 recordatus
1878 1779 1993 1812 sum

145 1843 404 1896 veridicos
431 1862 612 1895 versus
639 1844 909 1896 Ambrosii
937 1844 1037 1896 tui:
1081 1851 1137 1896 tu
1163 1863 1221 1896 es
1248 1845 1391 1897 enim

680 1985 800 2025 Deus
825 1991 997 2026 creator
1018 1985 1231 2036 omnium,

618 2055 797 2111 Polique
819 2064 980 2108 rector,
1004 2058 1196 2100 vestiens

620 2128 751 2170 Diem
775 2130 934 2171 decoro
957 2129 1138 2183 lumine,

615 2201 806 2243 Noctem
830 2216 987 2258 sopore
1005 2205 1029 2228 *²
1052 2203 1232 2260 gratiae:

676 2274 813 2315 Artus
837 2274 1004 2316 solutos
1027 2282 1076 2316 ut
1097 2276 1220 2330 quies

618 2346 789 2386 Reddat
817 2345 978 2387 laboris
1000 2348 1115 2397 usui,

619 2419 880 2473 Mentesque
902 2418 1042 2460 fessas
1066 2419 1241 2469 allevet,

620 2492 871 2547 Luctusque
893 2492 1033 2534 solvat
1054 2494 1220 2535 anxios.

218 2618 303 2667 33.
345 2619 521 2686 Atque
558 2618 683 2670 inde
722 2621 982 2687 paulatim
1016 2621 1338 2674 reducebam
1369 2624 1424 2673 in
1458 2626 1743 2692 pristinum
1781 2645 1993 2680 sensum

147 2702 396 2753 ancillam
424 2710 586 2766 tuam,
615 2706 1178 2776 conversationemque
1205 2707 1320 2777 ejus
1344 2709 1491 2776 piam
1517 2711 1572 2761 in
1602 2718 1670 2773 10,
1699 2719 1751 2763 01
1778 2714 1994 2766 sancte*

146 2786 202 2836 in
227 2805 326 2838 nos
350 2787 602 2851 blandam
629 2797 788 2859 atque
813 2792 1146 2859 morigeram,
1175 2812 1283 2862 qua
1311 2795 1490 2846 subito
1528 2795 1815 2850 destitutus
1850 2819 1994 2863 sum3

144 2878 199 2921 et
221 2872 380 2924 libuit
402 2873 526 2925 flere
552 2873 609 2925 in
634 2884 930 2945 conspectu
954 2883 1047 2929 tuo
1075 2878 1141 2929 de
1166 2879 1259 2930 illa
1284 2886 1336 2931 et
1359 2898 1456 2947 pro
1481 2881 1589 2945 illa,
1618 2882 1684 2934 de
1711 2903 1795 2936 me
1823 2894 1876 2937 et
1900 2904 1997 2954 pro

147 2973 248 3006 me.
308 2958 382 3008 Et
408 2957 584 3010 dimisi
609 2960 871 3028 lacrymas
899 2980 1032 3030 quas
1059 2963 1418 3028 continebam,
1438 2972 1497 3016 ut
1522 2967 1799 3020 effluerent
1826 2989 1996 3039 quan-

148 3046 260 3090 tum
287 3043 500 3107 vellent,
528 3045 870 3098 substernens
905 3065 995 3098 eas
1033 3048 1184 3099 cordi
1213 3067 1359 3112 me03
1415 3059 1467 3102 et
1495 3054 1735 3121 requievi
1773 3055 1830 3105 in
1864 3056 1941 3107 eis
1954 3055 1997 3118 ³³,

149 3125 401 3190 quoniam
426 3126 503 3178 ibi
529 3138 676 3181 erant
702 3149 856 3182 aures
883 3139 1007 3196 tuae,
1026 3151 1134 3183 non
1161 3132 1479 3203 cujusquam
1505 3136 1741 3190 hominis
1769 3143 1996 3208 superbe

148 3206 537 3275 interpretantis
569 3215 834 3281 ploratum
871 3234 1064 3267 meum.
1142 3219 1217 3268 Et
1249 3237 1412 3283 nunc,
1447 3222 1699 3285 Domine,
1739 3226 1999 3276 confiteor

150 3290 245 3341 tibi
272 3292 327 3342 in
351 3293 554 3347 litteris,
631 3299 803 3364 Legat
840 3301 933 3369 qui
958 3303 1118 3364 volet,
1146 3309 1200 3354 et
1228 3303 1605 3371 interpretetur
1641 3315 1700 3358 ut
1733 3310 1905 3372 volet3
1946 3319 2000 3363 et

149 3374 193 3425 si
218 3384 502 3443 peccatum
526 3380 804 3449 invenerit,
830 3385 1042 3436 flevisse
1069 3404 1154 3437 me
1179 3394 1402 3439 matrem
1429 3390 1631 3456 exigua
1655 3400 1804 3460 parte
1830 3395 1996 3461 horae,

205 3521 220 3542 ⁸
251 3518 434 3563 Effertur,
455 3519 569 3568 imus,
588 3522 676 3563 Ter.
698 3523 869 3564 Andr.i.
894 3526 1013 3565 1.90.
1098 3526 1141 3565 of
1173 3527 1338 3567 Rome.”
1382 3530 1435 3569 cf.
1466 3530 1676 3584 Bingham.
1709 3535 1846 3589 Antiq.
1873 3538 1900 3576 1.
1932 3554 1995 3579 xv.

202 3572 216 3597 ³
251 3571 387 3611 Preces
406 3586 474 3625 pro
492 3576 650 3614 mortuis
664 3577 835 3629 dogmati
855 3579 1043 3618 Ecclesiae
1098 3593 1133 3619 c.
1157 3582 1197 3620 3.
1219 3582 1254 3632 ᾗ.
1279 3583 1339 3621 16.
1376 3582 1401 3621 l.
1422 3585 1531 3625 xxiii.
1551 3599 1586 3625 c.
1607 3589 1646 3626 3.
1669 3590 1702 3632 Q.
1727 3591 1791 3630 13.
1822 3593 1997 3647 Collyer,

155 3624 341 3686 Rornauae
355 3627 403 3666 de
418 3629 644 3677 Purgatorio
657 3629 758 3670 haud
771 3631 1044 3678 favere,immo
1100 3639 1125 3655 “
1146 3635 1257 3674 Eccl.
1300 3635 1398 3676 Hist.
1431 3638 1474 3676 os
1496 3641 1620 3680 Great
1651 3633 1844 3690 B=·itain‚“
1877 3661 1913 3700 p.
1953 3648 1995 3688 ii.

152 3691 309 3718 ommno
337 3681 546 3727 adversari,
566 3682 640 3722 vid.
667 3683 768 3724 inter
796 3685 907 3734 alios,
931 3687 1040 3732 Bull,
1097 3688 1135 3726 b.
1154 3689 1205 3727 iv.
1223 3702 1262 3742 p.
1278 3691 1374 3731 257.
1414 3692 1557 3739 Usher,
1575 3695 1744 3737 Answer
1759 3707 1797 3737 to
1813 3713 1836 3739 a
1855 3702 1996 3743 Jesuit.

160 3731 282 3773 Serm.
302 3734 342 3774 3.
360 3741 398 3773 et
417 3740 444 3757 ‘⁴
467 3735 719 3790 corruptions
736 3738 778 3777 of
795 3738 858 3778 the
881 3740 1039 3781 Church
1099 3741 1223 3790 field,
1243 3756 1294 3784 on
1313 3745 1378 3785 the
1400 3746 1578 3798 Church‚
1597 3764 1637 3805 p.
1658 3752 1751 3801 750,
1778 3755 1810 3794 1.
1846 3756 1924 3796 ἃς.
