2378 4134
661 600 913 661 LIBER
957 596 1363 669 QUINTUS.

94 767 271 809 Annum
307 767 452 810 aetatis
488 779 580 810 suoe
623 768 801 811 exhibet
842 768 1108 826 vigesimum
1148 780 1330 817 nonum,
1363 778 1449 820 quo
1491 762 1680 814 scilicet,
1716 768 1944 819 comperta

154 840 304 883 Fausti
326 841 564 883 Manichaei
586 842 810 899 imperitia
834 842 880 883 in
901 843 974 894 iis,
996 854 1096 897 quae
1117 841 1192 884 isti
1216 854 1262 882 se
1285 839 1495 882 divinitus
1519 838 1632 881 scire
1658 837 1942 894 jactitabant,

151 913 425 970 propositum
461 914 506 955 in
535 914 614 956 illa
644 921 767 957 secta
796 914 1054 970 proficiendi
1093 913 1280 970 abjecit3
1327 927 1414 968 quo
1454 912 1589 954 etiam
1633 911 1836 961 Romam,
1869 910 1944 952 ubi

152 986 417 1028 rhetoricam
439 987 735 1042 profiteretur,
754 994 800 1029 et
812 987 970 1030 deinde
992 986 1294 1029 Mediolanum
1308 991 1357 1028 ut
1372 985 1574 1028 eamdem
1591 990 1732 1026 artem
1747 984 1942 1033 doceret,

153 1058 302 1101 abdita
315 1059 398 1100 Dei
412 1059 689 1115 providentia
702 1060 863 1102 missus
886 1066 973 1110 est;
996 1060 1072 1102 ubi
1090 1058 1228 1115 coepit
1249 1058 1400 1100 audito
1414 1057 1650 1100 Ambrosio
1665 1056 1944 1113 resipiscere,

152 1137 197 1172 et
226 1128 568 1174 Manichaeismo
599 1132 819 1183 abdicato,
849 1132 1192 1175 catechumenus
1224 1130 1269 1171 in
1298 1129 1500 1172 Ecclesia
1535 1128 1768 1171 Catholica
1799 1129 1943 1170 denuo

152 1202 247 1244 fieri
268 1204 476 1245 decrevit.

173 1344 215 1390 1.
257 1341 459 1409 Accipe
494 1340 815 1393 sacrificium
848 1339 1242 1393 confessionum
1277 1354 1516 1389 mearum
1551 1336 1618 1388 de
1652 1354 1816 1388 manu
1841 1336 1944 1387 lin·
2036 1348 2074 1406 1.

97 1443 214 1492 guae
247 1444 396 1489 meae,
433 1444 595 1495 quam
627 1425 863 1477 formasti
896 1431 950 1476 et
985 1424 1253 1488 excitasti,
1287 1430 1348 1474 ut
1385 1421 1702 1474 confiteatur
1738 1422 1946 1473 nomini
1960 1402 2132 1495 ξξζῗὲῐξ,

94 1519 214 1573 tuo;
253 1517 306 1562 et
329 1529 465 1562 sana
491 1514 671 1563 omnia
697 1529 811 1562 ossa
836 1528 976 1574 mea,
1000 1517 1054 1562 et
1080 1511 1297 1560 dicant:
1343 1510 1594 1571 Domine,
1615 1509 1735 1576 quis
1751 1510 1947 1559 similis
1962 1511 2012 1549 ad

96 1594 239 1647 tibi?
283 1597 475 1665 Neque
513 1596 655 1648 enim
694 1595 854 1648 docet
889 1603 940 1647 te
980 1595 1112 1664 quid
1145 1596 1203 1646 in
1238 1612 1294 1645 se
1330 1601 1519 1660 agatur
1555 1594 1648 1662 qui
1683 1593 1783 1645 tibi
1819 1612 1945 1646 con·
1961 1565 2129 1657 1133ἒὲ

95 1680 300 1744 fitetur3
353 1682 479 1750 quia
522 1682 737 1734 oculum
779 1687 931 1733 tuum
970 1699 1081 1733 non
1123 1679 1367 1732 excludit
1407 1698 1498 1732 cor
1541 1681 1800 1742 clausum,
1844 1697 1943 1731 nec
1960 1673 2070 1713 dum.

94 1785 309 1819 manum
339 1776 484 1820 tuam
520 1767 733 1836 repellit
768 1766 962 1819 dtu-itia
996 1766 1304 1818 hominum:
1348 1765 1442 1817 sed
1469 1766 1633 1817 solvis
1659 1783 1794 1828 eam,
1822 1783 1945 1818 cuni
1961 1740 2029 1832 fg(
2051 1741 2118 1785 34,

94 1853 259 1915 voleS,
286 1861 377 1904 aut
399 1852 656 1905 miserans
681 1860 772 1905 aut
795 1852 1101 1915 vindicans3
1141 1859 1195 1904 et
1217 1870 1324 1903 non
1350 1858 1428 1903 est
1454 1853 1549 1920 qui
1573 1869 1627 1902 se
1652 1850 1946 1902 abscondat
1962 1860 2030 1898 Ps.
2059 1862 2121 1907 18,

96 1955 131 1987 a
156 1939 332 1988 calore
356 1944 462 1988 tue.
539 1936 647 1990 Sed
677 1945 730 1990 te
762 1938 945 1989 laudet
981 1937 1159 1989 anima
1194 1954 1329 2001 mea,
1355 1944 1416 1988 ut
1450 1944 1590 1988 amet
1615 1942 1667 1987 te
1685 1955 1698 1998 3
1738 1942 1792 1987 et
1817 1953 1943 1987 con·
1960 1915 2000 1953 ⁷·

97 2021 308 2073 fiteatur
337 2022 436 2073 tibi
472 2023 838 2074 miserationes
869 2030 1006 2086 tuaS,
1031 2030 1092 2074 ut
1114 2022 1298 2074 laudet
1323 2028 1390 2072 te.
1467 2022 1595 2072 Non
1633 2027 1807 2072 cessat
1843 2038 1944 2071 nec

95 2113 237 2158 tacet
271 2106 457 2159 laudes
494 2115 612 2160 tuas
649 2108 897 2160 universa
935 2114 1174 2160 creatura
1209 2115 1329 2171 tua3
1377 2125 1477 2159 nec
1515 2106 1732 2175 spiritus
1769 2107 1943 2158 omnis

94 2190 325 2243 hominis
357 2210 452 2260 per
485 2211 544 2244 os
577 2211 890 2245 conversum
916 2192 985 2245 ad
1009 2201 1078 2256 te,
1102 2210 1202 2244 nec
1229 2192 1482 2244 animalia
1513 2210 1613 2244 nec
1644 2191 1945 2260 corporalia

95 2295 191 2346 per
231 2297 290 2329 os
330 2279 778 2332 considerantium
821 2299 912 2344 ea3
964 2289 1024 2333 ut
1063 2290 1316 2348 exsurgat
1356 2280 1414 2330 in
1454 2287 1507 2332 te
1551 2299 1583 2331 a
1625 2280 1941 2331 lassitudine

97 2364 273 2416 anima
297 2372 492 2428 nostra,
516 2365 782 2417 innitens³
809 2366 886 2417 eis
913 2385 1032 2435 quae
1059 2366 1251 2430 fecisti,
1279 2376 1332 2417 et
1363 2365 1628 2417 transiens
1666 2365 1734 2417 ad
1771 2374 1820 2417 te
1849 2365 1943 2434 qui

96 2448 267 2501 fecisti
291 2450 408 2501 haec
432 2450 767 2502 mirabiliter:
809 2456 862 2502 et
884 2451 963 2502 ibi
985 2450 1203 2503 refectio
1230 2456 1284 2502 et
1306 2468 1431 2502 vera
1454 2449 1724 2501 fortitudo.

168 2538 217 2584 2.
257 2536 402 2585 Eant
436 2541 489 2586 et
521 2534 729 2601 fugiant
763 2553 795 2586 a
828 2542 881 2587 te
906 2535 1133 2603 inquieti
1164 2543 1216 2587 et
1250 2535 1454 2604 iniqui:
1497 2541 1549 2586 et
1573 2541 1632 2586 tu
1657 2535 1808 2586 vides
1833 2554 1943 2598 cOS,
2024 2541 2086 2600 ῌ.

99 2628 152 2671 ct
185 2619 468 2685 distinguis
493 2622 736 2682 umbras3
778 2627 830 2671 et
864 2638 989 2672 ecce
1014 2621 1241 2688 pulchra
1267 2627 1391 2671 sunt
1417 2639 1539 2671 cum
1565 2620 1642 2671 cis
1668 2619 1865 2683 onmia,
1893 2627 1946 2671 et
1962 2595 2150 2689 ssssiffiff‘

97 2704 203 2772 ipsi
228 2711 408 2774 turpes
435 2707 599 2756 suntb.
668 2706 744 2756 Et
769 2705 900 2774 quid
923 2712 1219 2757 nocuerunt
1243 2705 1342 2756 tibi
1358 2710 1374 2730 ⁰
1392 2700 1422 2756 ?v
1447 2711 1539 2756 aut
1563 2705 1620 2755 in
1642 2723 1750 2774 quo
1776 2705 1945 2773 impe·
1962 2702 2118 2756 iniquos

97 2789 232 2840 rium
250 2796 398 2841 tuum
416 2790 941 2855 dehonestaveruntd,
958 2809 989 2842 a
1008 2790 1159 2842 coelis
1175 2808 1346 2859 usque
1363 2790 1421 2840 in
1439 2790 1731 2842 novissima
1740 2790 1948 2860 justum
1965 2760 2122 2864 figeg-

1960 2865 2095 2919 itaque

1962 2921 2014 2959 ad
2034 2936 2125 2961 eum

1961 2974 2105 3016 debere

1959 3031 2147 3070 converti.

152 2942 173 2965 ²
202 2941 250 2980 In
279 2954 392 2994 quem
430 2941 560 2980 locum
593 2941 756 2995 quisque
790 2941 986 2988 ceciderit,
1044 2941 1161 2980 Civit.
1183 2942 1275 2987 Dei,
1297 2942 1326 2981 l.
1350 2940 1403 2980 xi.
1423 2955 1461 2980 c.
1482 2942 1548 2980 23.

99 2995 152 3035 ibi
168 2996 282 3035 debet
300 2995 523 3034 incumbere
539 3003 582 3034 ut
594 3003 739 3048 surgat.
781 2996 885 3048 Ergo
899 2996 988 3049 ipsis
1098 3000 1117 3021 e
1148 2996 1347 3035 Dicuntur
1375 2995 1414 3034 in
1440 2994 1652 3049 Scripturis
1679 2994 1823 3034 inimici
1847 2995 1941 3042 Dei,

98 3049 320 3088 carnalibus
347 3048 489 3093 formis,
510 3050 651 3102 quibus
678 3049 908 3097 detinemur,
930 3050 988 3088 ni·
1044 3050 1112 3102 qui
1148 3064 1227 3089 non
1263 3057 1416 3094 natura.
1455 3050 1523 3088 sed
1561 3048 1657 3087 vitiis
1690 3050 1944 3088 adversantur

98 3104 257 3142 tendum
290 3109 349 3142 est
377 3104 427 3141 ad
459 3116 525 3144 eas
557 3104 858 3156 cognoscendas,
891 3116 990 3156 quas
1043 3105 1131 3158 ejus
1158 3104 1345 3158 imperio:
1393 3103 1489 3142 nihil
1518 3103 1555 3142 ei
1585 3103 1759 3142 valentes
1788 3117 1941 3145 nocere,

99 3168 191 3195 caro
226 3169 303 3195 non
340 3157 502 3196 nuntiat.
560 3158 637 3196 Eas
671 3157 776 3196 enim
810 3158 986 3198 carnales
1040 3160 1106 3198 sed
1134 3158 1219 3198 sibi.
1284 3157 1440 3196 Inimici
1473 3157 1578 3196 enim
1615 3164 1706 3195 sunt
1740 3158 1938 3195 resistendi

99 3221 211 3254 voco,
230 3223 318 3262 quae
343 3223 410 3262 per
428 3223 582 3250 carnem
605 3211 735 3250 sentiri
762 3219 924 3263 queunt,
946 3211 984 3251 id

100 3268 171 3304 aet,
188 3275 255 3316 per
273 3263 421 3311 oculos,
438 3277 505 3316 per
524 3277 649 3312 aures,
661 3272 882 3318 ceterosque
899 3279 984 3305 cor-

102 3315 202 3367 poris
229 3328 376 3355 sensus.
447 3318 517 3357 His
552 3331 642 3370 ergo
670 3319 894 3358 carnalibus
921 3320 982 3358 vel

101 3369 365 3422 corporalibus
383 3369 513 3410 formis
530 3371 717 3412 inhaerere
738 3386 868 3412 amore
888 3386 982 3426 pue-

101 3435 162 3461 ros
190 3435 344 3462 necesse
372 3430 441 3468 ast,
461 3425 721 3465 adolescentes
746 3439 837 3466 vero
867 3440 986 3480 prope

102 3488 255 3515 necesse
282 3482 354 3520 est,
382 3475 473 3515 hinc
498 3477 579 3530 jam
607 3481 838 3531 procedente
874 3487 987 3519 aetate

100 3542 176 3568 non
192 3538 250 3569 est
263 3542 432 3569 necesse.
458 3530 564 3583 Aug.
573 3532 621 3571 de
631 3545 722 3572 vera
733 3533 855 3586 Relig.
873 3547 909 3574 c.
921 3536 988 3573 24.

160 3583 180 3613 b
211 3583 320 3623 Sicut
346 3583 495 3636 pictura
521 3597 610 3624 cum
628 3586 756 3626 colore
774 3587 899 3640 nigro,
918 3601 988 3627 suo

100 3636 187 3677 loco
207 3637 343 3691 posito,
360 3638 413 3676 ita
440 3637 663 3678 universitas
690 3652 832 3686 rerum,
852 3641 885 3680 si
903 3642 990 3694 quis

100 3691 219 3743 pooeit
252 3691 406 3737 intueri,
443 3692 558 3731 etiam
593 3705 684 3731 cum
721 3695 990 3746 peccatoribus

99 3745 266 3796 pulchra
287 3753 357 3791 est,
376 3746 552 3798 quamvis
579 3758 648 3798 per
675 3759 716 3786 se
733 3747 835 3801 ipsos
861 3748 985 3788 consi-

99 3798 249 3840 deratos
277 3812 349 3840 sua
380 3799 600 3840 deformitas
627 3805 770 3853 turpet.
806 3801 913 3854 Aug.
938 3802 987 3843 de

1041 3213 1255 3257 voluntate,
1286 3225 1362 3251 non
1394 3218 1579 3264 potestate
1608 3210 1790 3249 laedendi.
1839 3211 1939 3248 lbid.

1041 3266 1107 3306 xii.
1128 3268 1168 3305 3.

1092 3319 1112 3350 «ί
1143 3320 1237 3359 Non
1256 3318 1432 3358 efficiunt
1447 3317 1596 3356 malitia
1614 3329 1686 3356 sua
1706 3324 1749 3355 ut
1767 3317 1840 3355 sub
1860 3317 1939 3355 Dei

1039 3371 1546 3424 administratorisimperio.
1562 3371 1715 3414 virtute.
1732 3369 1938 3422 sapientia,

1040 3434 1079 3466 et
1103 3429 1224 3467 decus
1252 3434 1290 3466 et
1319 3426 1412 3464 ordo
1445 3424 1700 3464 universitatis
1727 3423 1860 3475 aliqua
1889 3437 1938 3463 ex

1042 3488 1150 3533 parte
1174 3486 1370 3532 turpetur;
1399 3491 1491 3517 cum
1519 3478 1598 3516 suis
1624 3477 1939 3530 quibuscumque

1042 3534 1309 3574 voluntatibus
1327 3532 1444 3572 etiam
1472 3531 1586 3570 malis
1604 3530 1826 3570 tribuantur
1845 3531 1938 3570 certi

1042 3593 1082 3626 et
1099 3587 1261 3640 congrui
1281 3586 1419 3626 limites
1438 3592 1686 3638 potestatum,
1707 3592 1747 3623 et
1765 3585 1938 3637 pondera

1042 3641 1280 3687 meritorum,
1301 3648 1346 3680 ut
1371 3638 1487 3679 etiam
1515 3652 1607 3678 cum
1634 3637 1726 3691 ipsis
1753 3639 1936 3678 conveni-

1042 3701 1151 3734 enter
1173 3695 1278 3747 juste
1307 3707 1356 3733 ue
1383 3692 1571 3732 ordinatis
1596 3691 1821 3732 universitas
1846 3693 1935 3746 pul-

1040 3748 1137 3787 chra
1169 3749 1230 3789 sit.
1278 3708 1384 3802 aug.
1415 3747 1465 3788 de
1496 3747 1602 3788 Gen.
1638 3747 1688 3787 ad
1720 3746 1780 3787 lit.
1815 3747 1846 3787 l.
1881 3748 1936 3786 xi..

1041 3815 1079 3842 c.
1099 3803 1168 3843 21.
