<?xml version="1.0" encoding="UTF-8"?>
<!DOCTYPE html PUBLIC "-//W3C//DTD XHTML 1.0 Transitional//EN"
    "http://www.w3.org/TR/xhtml1/DTD/xhtml1-transitional.dtd">
<html xmlns="http://www.w3.org/1999/xhtml" xml:lang="en" lang="en">
 <head>
  <title>
</title>
<meta http-equiv="Content-Type" content="text/html;charset=utf-8" />
  <meta name='ocr-system' content='tesseract 3.04.00' />
  <meta name='ocr-capabilities' content='ocr_page ocr_carea ocr_par ocr_line ocrx_word'/>
</head>
<body>
  <div class='ocr_page' id='page_1' title='image "a545544600auguuoft_0274.png"; bbox 0 0 2378 4134; ppageno 0'>
   <div class='ocr_carea' id='block_1_1' title="bbox 414 193 2378 253">
    <p class='ocr_par' dir='ltr' id='par_1_1' title="bbox 414 193 2378 253">
     <span class='ocr_line' id='line_1_1' title="bbox 414 193 2378 253; baseline 0.005 -10"><span class='ocrx_word' id='word_1_1' title='bbox 414 196 523 243; x_wconf 75' lang='lat'>‘256</span> <span class='ocrx_word' id='word_1_2' title='bbox 889 193 944 246; x_wconf 87' lang='lat' dir='ltr'>S.</span> <span class='ocrx_word' id='word_1_3' title='bbox 987 194 1430 247; x_wconf 84' lang='lat' dir='ltr'><strong>AUG-USTINI</strong></span> <span class='ocrx_word' id='word_1_4' title='bbox 1470 196 1830 250; x_wconf 83' lang='lat' dir='ltr'>EPISCOPI</span> <span class='ocrx_word' id='word_1_5' title='bbox 2308 203 2326 250; x_wconf 56' lang='lat' dir='ltr'>L*</span> <span class='ocrx_word' id='word_1_6' title='bbox 2376 239 2378 253; x_wconf 88' lang='lat'><em>.</em></span> 
     </span>
    </p>
   </div>
   <div class='ocr_carea' id='block_1_2' title="bbox 406 95 2378 1790">
    <p class='ocr_par' dir='ltr' id='par_1_2' title="bbox 406 95 2378 1790">
     <span class='ocr_line' id='line_1_2' title="bbox 2347 95 2378 129; baseline 0 0"><span class='ocrx_word' id='word_1_7' title='bbox 2347 95 2378 129; x_wconf 70' lang='lat'>⁵!</span> 
     </span>
     <span class='ocr_line' id='line_1_3' title="bbox 2299 154 2378 234; baseline 0 -39"><span class='ocrx_word' id='word_1_8' title='bbox 2299 154 2346 211; x_wconf 48' lang='grc' dir='ltr'>κῃ·</span> <span class='ocrx_word' id='word_1_9' title='bbox 2375 173 2378 234; x_wconf 41' lang='grc' dir='ltr'>ξ</span> 
     </span>
     <span class='ocr_line' id='line_1_4' title="bbox 2375 262 2378 301; baseline 0 0"><span class='ocrx_word' id='word_1_10' title='bbox 2375 262 2378 301; x_wconf 69' lang='lat' dir='ltr'>i</span> 
     </span>
     <span class='ocr_line' id='line_1_5' title="bbox 412 317 2378 419; baseline 0.006 -43"><span class='ocrx_word' id='word_1_11' title='bbox 412 342 578 395; x_wconf 87' lang='lat' dir='ltr'>quam</span> <span class='ocrx_word' id='word_1_12' title='bbox 605 323 703 378; x_wconf 90' lang='lat' dir='ltr'>illa</span> <span class='ocrx_word' id='word_1_13' title='bbox 727 325 997 380; x_wconf 84' lang='lat' dir='ltr'>Trinitas:</span> <span class='ocrx_word' id='word_1_14' title='bbox 1041 326 1139 379; x_wconf 90' lang='lat' dir='ltr'>sed</span> <span class='ocrx_word' id='word_1_15' title='bbox 1164 326 1290 380; x_wconf 91' lang='lat' dir='ltr'>dico</span> <span class='ocrx_word' id='word_1_16' title='bbox 1328 324 1424 381; x_wconf 90' lang='lat' dir='ltr'>ubi</span> <span class='ocrx_word' id='word_1_17' title='bbox 1461 347 1519 381; x_wconf 89' lang='lat' dir='ltr'>se</span> <span class='ocrx_word' id='word_1_18' title='bbox 1553 336 1848 383; x_wconf 84' lang='lat' dir='ltr'>exerceant</span> <span class='ocrx_word' id='word_1_19' title='bbox 1873 338 1927 384; x_wconf 91' lang='lat' dir='ltr'>et</span> <span class='ocrx_word' id='word_1_20' title='bbox 1950 331 2030 385; x_wconf 92' lang='lat' dir='ltr'>ibi</span> <span class='ocrx_word' id='word_1_21' title='bbox 2052 334 2326 408; x_wconf 52' lang='lat' dir='ltr'>probengf</span> <span class='ocrx_word' id='word_1_22' title='bbox 2374 317 2378 419; x_wconf 60' lang='lat' dir='ltr'>i</span> 
     </span>
     <span class='ocr_line' id='line_1_6' title="bbox 411 411 2378 492; baseline 0.007 -29"><span class='ocrx_word' id='word_1_23' title='bbox 411 420 468 463; x_wconf 87' lang='lat' dir='ltr'>et</span> <span class='ocrx_word' id='word_1_24' title='bbox 503 411 742 465; x_wconf 84' lang='lat' dir='ltr'>sentiant</span> <span class='ocrx_word' id='word_1_25' title='bbox 779 431 945 484; x_wconf 88' lang='lat' dir='ltr'>quam</span> <span class='ocrx_word' id='word_1_26' title='bbox 982 414 1148 481; x_wconf 86' lang='lat' dir='ltr'>longe</span> <span class='ocrx_word' id='word_1_27' title='bbox 1187 412 1368 466; x_wconf 75' lang='lat' dir='ltr'>sunt*.</span> <span class='ocrx_word' id='word_1_28' title='bbox 1445 414 1591 469; x_wconf 87' lang='lat' dir='ltr'>Dico</span> <span class='ocrx_word' id='word_1_29' title='bbox 1626 423 1808 468; x_wconf 89' lang='lat' dir='ltr'>autem</span> <span class='ocrx_word' id='word_1_30' title='bbox 1841 417 1962 470; x_wconf 86' lang='lat' dir='ltr'>haec</span> <span class='ocrx_word' id='word_1_31' title='bbox 1996 418 2126 472; x_wconf 86' lang='lat' dir='ltr'>tria:</span> <span class='ocrx_word' id='word_1_32' title='bbox 2165 435 2301 489; x_wconf 65' lang='lat' dir='ltr'>esse,</span> <span class='ocrx_word' id='word_1_33' title='bbox 2375 426 2378 492; x_wconf 73' lang='lat' dir='ltr'>j</span> 
     </span>
     <span class='ocr_line' id='line_1_7' title="bbox 409 494 2378 573; baseline 0.007 -23"><span class='ocrx_word' id='word_1_34' title='bbox 409 517 591 564; x_wconf 88' lang='lat' dir='ltr'>nosse,</span> <span class='ocrx_word' id='word_1_35' title='bbox 631 501 785 554; x_wconf 85' lang='lat' dir='ltr'>velle.</span> <span class='ocrx_word' id='word_1_36' title='bbox 866 502 1000 555; x_wconf 88' lang='lat' dir='ltr'>Sum</span> <span class='ocrx_word' id='word_1_37' title='bbox 1044 502 1209 566; x_wconf 89' lang='lat' dir='ltr'>enim,</span> <span class='ocrx_word' id='word_1_38' title='bbox 1253 509 1308 555; x_wconf 93' lang='lat' dir='ltr'>et</span> <span class='ocrx_word' id='word_1_39' title='bbox 1345 503 1493 568; x_wconf 90' lang='lat' dir='ltr'>novi,</span> <span class='ocrx_word' id='word_1_40' title='bbox 1535 510 1590 556; x_wconf 88' lang='lat' dir='ltr'>et</span> <span class='ocrx_word' id='word_1_41' title='bbox 1631 505 1791 557; x_wconf 89' lang='lat' dir='ltr'>volo:</span> <span class='ocrx_word' id='word_1_42' title='bbox 1845 523 1965 557; x_wconf 90' lang='lat' dir='ltr'>sum</span> <span class='ocrx_word' id='word_1_43' title='bbox 2011 506 2206 573; x_wconf 83' lang='lat' dir='ltr'>scienS,</span> <span class='ocrx_word' id='word_1_44' title='bbox 2247 515 2304 565; x_wconf 83' lang='lat' dir='ltr'>et</span> <span class='ocrx_word' id='word_1_45' title='bbox 2376 494 2378 539; x_wconf 68' lang='lat'>{</span> 
     </span>
     <span class='ocr_line' id='line_1_8' title="bbox 408 586 2378 655; baseline 0.005 -19"><span class='ocrx_word' id='word_1_46' title='bbox 408 586 631 651; x_wconf 83' lang='lat' dir='ltr'>volens3</span> <span class='ocrx_word' id='word_1_47' title='bbox 671 594 725 640; x_wconf 90' lang='lat' dir='ltr'>et</span> <span class='ocrx_word' id='word_1_48' title='bbox 760 587 874 640; x_wconf 87' lang='lat' dir='ltr'>scio</span> <span class='ocrx_word' id='word_1_49' title='bbox 912 607 1032 641; x_wconf 88' lang='lat' dir='ltr'>esse</span> <span class='ocrx_word' id='word_1_50' title='bbox 1070 606 1176 654; x_wconf 91' lang='lat' dir='ltr'>me,</span> <span class='ocrx_word' id='word_1_51' title='bbox 1203 596 1257 641; x_wconf 89' lang='lat' dir='ltr'>et</span> <span class='ocrx_word' id='word_1_52' title='bbox 1282 590 1458 654; x_wconf 76' lang='lat' dir='ltr'>velle,</span> <span class='ocrx_word' id='word_1_53' title='bbox 1495 597 1551 643; x_wconf 93' lang='lat' dir='ltr'>et</span> <span class='ocrx_word' id='word_1_54' title='bbox 1581 592 1705 643; x_wconf 87' lang='lat' dir='ltr'>volo</span> <span class='ocrx_word' id='word_1_55' title='bbox 1745 609 1883 655; x_wconf 89' lang='lat' dir='ltr'>esse,</span> <span class='ocrx_word' id='word_1_56' title='bbox 1918 597 1974 644; x_wconf 89' lang='lat' dir='ltr'>et</span> <span class='ocrx_word' id='word_1_57' title='bbox 2006 592 2159 646; x_wconf 89' lang='lat' dir='ltr'>scire.</span> <span class='ocrx_word' id='word_1_58' title='bbox 2233 597 2325 651; x_wconf 84' lang='lat' dir='ltr'>In.</span> <span class='ocrx_word' id='word_1_59' title='bbox 2376 609 2378 627; x_wconf 67' lang='lat'>³</span> 
     </span>
     <span class='ocr_line' id='line_1_9' title="bbox 409 672 2307 745; baseline 0.005 -21"><span class='ocrx_word' id='word_1_60' title='bbox 409 672 497 725; x_wconf 93' lang='lat' dir='ltr'>his</span> <span class='ocrx_word' id='word_1_61' title='bbox 523 672 693 741; x_wconf 86' lang='lat' dir='ltr'>igitur</span> <span class='ocrx_word' id='word_1_62' title='bbox 718 675 892 727; x_wconf 86' lang='lat' dir='ltr'>tribus</span> <span class='ocrx_word' id='word_1_63' title='bbox 919 693 1084 745; x_wconf 90' lang='lat' dir='ltr'>quam</span> <span class='ocrx_word' id='word_1_64' title='bbox 1113 675 1183 727; x_wconf 90' lang='lat' dir='ltr'>sit</span> <span class='ocrx_word' id='word_1_65' title='bbox 1208 675 1591 745; x_wconf 86' lang='lat' dir='ltr'>inseparabilis</span> <span class='ocrx_word' id='word_1_66' title='bbox 1617 677 1746 742; x_wconf 88' lang='lat' dir='ltr'>vita,</span> <span class='ocrx_word' id='word_1_67' title='bbox 1767 685 1822 730; x_wconf 90' lang='lat' dir='ltr'>et</span> <span class='ocrx_word' id='word_1_68' title='bbox 1839 697 1949 731; x_wconf 90' lang='lat' dir='ltr'>una</span> <span class='ocrx_word' id='word_1_69' title='bbox 1968 678 2096 743; x_wconf 87' lang='lat' dir='ltr'>vita,</span> <span class='ocrx_word' id='word_1_70' title='bbox 2117 685 2172 732; x_wconf 89' lang='lat' dir='ltr'>et</span> <span class='ocrx_word' id='word_1_71' title='bbox 2194 699 2307 737; x_wconf 80' lang='lat' dir='ltr'>una</span> 
     </span>
     <span class='ocr_line' id='line_1_10' title="bbox 408 761 2300 835; baseline 0.005 -24"><span class='ocrx_word' id='word_1_72' title='bbox 408 778 582 825; x_wconf 89' lang='lat' dir='ltr'>mens,</span> <span class='ocrx_word' id='word_1_73' title='bbox 611 768 666 812; x_wconf 90' lang='lat' dir='ltr'>et</span> <span class='ocrx_word' id='word_1_74' title='bbox 691 780 800 814; x_wconf 89' lang='lat' dir='ltr'>una</span> <span class='ocrx_word' id='word_1_75' title='bbox 836 762 1090 826; x_wconf 83' lang='lat' dir='ltr'>essentia,</span> <span class='ocrx_word' id='word_1_76' title='bbox 1121 780 1286 831; x_wconf 91' lang='lat' dir='ltr'>quam</span> <span class='ocrx_word' id='word_1_77' title='bbox 1316 761 1556 833; x_wconf 90' lang='lat' dir='ltr'>denique</span> <span class='ocrx_word' id='word_1_78' title='bbox 1588 764 1971 835; x_wconf 87' lang='lat' dir='ltr'>inseparabilis</span> <span class='ocrx_word' id='word_1_79' title='bbox 2007 764 2300 835; x_wconf 85' lang='lat' dir='ltr'>distinctio,</span> 
     </span>
     <span class='ocr_line' id='line_1_11' title="bbox 410 846 2299 920; baseline 0.004 -21"><span class='ocrx_word' id='word_1_80' title='bbox 410 855 466 899; x_wconf 92' lang='lat' dir='ltr'>et</span> <span class='ocrx_word' id='word_1_81' title='bbox 493 855 677 900; x_wconf 89' lang='lat' dir='ltr'>tamen</span> <span class='ocrx_word' id='word_1_82' title='bbox 716 846 1018 913; x_wconf 83' lang='lat' dir='ltr'>distinctio,</span> <span class='ocrx_word' id='word_1_83' title='bbox 1050 848 1233 901; x_wconf 89' lang='lat' dir='ltr'>videat</span> <span class='ocrx_word' id='word_1_84' title='bbox 1267 849 1363 919; x_wconf 91' lang='lat' dir='ltr'>qui</span> <span class='ocrx_word' id='word_1_85' title='bbox 1395 856 1595 920; x_wconf 86' lang='lat' dir='ltr'>potest.</span> <span class='ocrx_word' id='word_1_86' title='bbox 1673 851 1834 905; x_wconf 87' lang='lat' dir='ltr'>Certe</span> <span class='ocrx_word' id='word_1_87' title='bbox 1875 870 2059 905; x_wconf 87' lang='lat' dir='ltr'>coram</span> <span class='ocrx_word' id='word_1_88' title='bbox 2100 870 2158 904; x_wconf 90' lang='lat' dir='ltr'>se</span> <span class='ocrx_word' id='word_1_89' title='bbox 2189 860 2299 920; x_wconf 68' lang='grc' dir='ltr'>θεῖς</span> 
     </span>
     <span class='ocr_line' id='line_1_12' title="bbox 409 932 2302 1002; baseline 0.004 -16"><span class='ocrx_word' id='word_1_90' title='bbox 409 932 657 986; x_wconf 90' lang='lat' dir='ltr'>attendat</span> <span class='ocrx_word' id='word_1_91' title='bbox 691 934 752 986; x_wconf 91' lang='lat' dir='ltr'>in</span> <span class='ocrx_word' id='word_1_92' title='bbox 780 952 855 999; x_wconf 91' lang='lat' dir='ltr'>se,</span> <span class='ocrx_word' id='word_1_93' title='bbox 882 941 936 987; x_wconf 92' lang='lat' dir='ltr'>et</span> <span class='ocrx_word' id='word_1_94' title='bbox 959 934 1160 1002; x_wconf 88' lang='lat' dir='ltr'>videat,</span> <span class='ocrx_word' id='word_1_95' title='bbox 1186 942 1241 988; x_wconf 91' lang='lat' dir='ltr'>et</span> <span class='ocrx_word' id='word_1_96' title='bbox 1267 935 1417 989; x_wconf 90' lang='lat' dir='ltr'>dicat</span> <span class='ocrx_word' id='word_1_97' title='bbox 1439 936 1592 990; x_wconf 90' lang='lat' dir='ltr'>mihi.</span> <span class='ocrx_word' id='word_1_98' title='bbox 1670 938 1782 991; x_wconf 87' lang='lat' dir='ltr'>Sed</span> <span class='ocrx_word' id='word_1_99' title='bbox 1807 957 1934 991; x_wconf 91' lang='lat' dir='ltr'>cum</span> <span class='ocrx_word' id='word_1_100' title='bbox 1958 939 2225 993; x_wconf 86' lang='lat' dir='ltr'>invenerit</span> <span class='ocrx_word' id='word_1_101' title='bbox 2243 941 2302 995; x_wconf 91' lang='lat' dir='ltr'>in</span> 
     </span>
     <span class='ocr_line' id='line_1_13' title="bbox 408 1019 2302 1098; baseline 0.006 -27"><span class='ocrx_word' id='word_1_102' title='bbox 408 1019 498 1072; x_wconf 89' lang='lat' dir='ltr'>his</span> <span class='ocrx_word' id='word_1_103' title='bbox 535 1019 747 1090; x_wconf 90' lang='lat' dir='ltr'>aliquid</span> <span class='ocrx_word' id='word_1_104' title='bbox 772 1027 828 1073; x_wconf 90' lang='lat' dir='ltr'>et</span> <span class='ocrx_word' id='word_1_105' title='bbox 854 1020 1072 1087; x_wconf 82' lang='lat' dir='ltr'>dixerit,</span> <span class='ocrx_word' id='word_1_106' title='bbox 1101 1040 1214 1074; x_wconf 91' lang='lat' dir='ltr'>non</span> <span class='ocrx_word' id='word_1_107' title='bbox 1242 1021 1359 1093; x_wconf 89' lang='lat' dir='ltr'>jam</span> <span class='ocrx_word' id='word_1_108' title='bbox 1396 1042 1452 1076; x_wconf 88' lang='lat' dir='ltr'>se</span> <span class='ocrx_word' id='word_1_109' title='bbox 1485 1031 1643 1094; x_wconf 89' lang='lat' dir='ltr'>putet</span> <span class='ocrx_word' id='word_1_110' title='bbox 1677 1024 1951 1078; x_wconf 88' lang='lat' dir='ltr'>invenisse</span> <span class='ocrx_word' id='word_1_111' title='bbox 1982 1025 2123 1078; x_wconf 88' lang='lat' dir='ltr'>illud</span> <span class='ocrx_word' id='word_1_112' title='bbox 2155 1027 2302 1098; x_wconf 89' lang='lat' dir='ltr'>quod</span> 
     </span>
     <span class='ocr_line' id='line_1_14' title="bbox 410 1106 2304 1180; baseline 0.005 -22"><span class='ocrx_word' id='word_1_113' title='bbox 410 1124 576 1176; x_wconf 89' lang='lat' dir='ltr'>supra</span> <span class='ocrx_word' id='word_1_114' title='bbox 594 1107 700 1160; x_wconf 89' lang='lat' dir='ltr'>ista</span> <span class='ocrx_word' id='word_1_115' title='bbox 719 1113 803 1159; x_wconf 89' lang='lat' dir='ltr'>est</span> <span class='ocrx_word' id='word_1_116' title='bbox 819 1106 1287 1174; x_wconf 78' lang='lat' dir='ltr'>incommutabile,</span> <span class='ocrx_word' id='word_1_117' title='bbox 1308 1109 1458 1180; x_wconf 92' lang='lat' dir='ltr'>quod</span> <span class='ocrx_word' id='word_1_118' title='bbox 1478 1117 1559 1162; x_wconf 89' lang='lat' dir='ltr'>est</span> <span class='ocrx_word' id='word_1_119' title='bbox 1578 1110 2111 1177; x_wconf 86' lang='lat' dir='ltr'>incommutabiliter,</span> <span class='ocrx_word' id='word_1_120' title='bbox 2132 1120 2185 1165; x_wconf 89' lang='lat' dir='ltr'>et</span> <span class='ocrx_word' id='word_1_121' title='bbox 2203 1113 2304 1168; x_wconf 91' lang='lat' dir='ltr'>scit</span> 
     </span>
     <span class='ocr_line' id='line_1_15' title="bbox 407 1193 2303 1269; baseline 0.005 -25"><span class='ocrx_word' id='word_1_122' title='bbox 407 1193 945 1259; x_wconf 81' lang='lat' dir='ltr'>incommutabiliter,</span> <span class='ocrx_word' id='word_1_123' title='bbox 973 1201 1027 1247; x_wconf 87' lang='lat' dir='ltr'>et</span> <span class='ocrx_word' id='word_1_124' title='bbox 1050 1196 1170 1247; x_wconf 90' lang='lat' dir='ltr'>vult</span> <span class='ocrx_word' id='word_1_125' title='bbox 1192 1195 1738 1249; x_wconf 84' lang='lat' dir='ltr'>incommutabiliter:</span> <span class='ocrx_word' id='word_1_126' title='bbox 1786 1205 1841 1250; x_wconf 92' lang='lat' dir='ltr'>et</span> <span class='ocrx_word' id='word_1_127' title='bbox 1877 1205 2053 1250; x_wconf 90' lang='lat' dir='ltr'>utrum</span> <span class='ocrx_word' id='word_1_128' title='bbox 2086 1207 2303 1269; x_wconf 85' lang='lat' dir='ltr'>propter</span> 
     </span>
     <span class='ocr_line' id='line_1_16' title="bbox 408 1280 2302 1353; baseline 0.005 -21"><span class='ocrx_word' id='word_1_129' title='bbox 408 1280 515 1333; x_wconf 89' lang='lat' dir='ltr'>tria</span> <span class='ocrx_word' id='word_1_130' title='bbox 551 1281 676 1334; x_wconf 85' lang='lat' dir='ltr'>haec</span> <span class='ocrx_word' id='word_1_131' title='bbox 719 1289 773 1334; x_wconf 88' lang='lat' dir='ltr'>et</span> <span class='ocrx_word' id='word_1_132' title='bbox 805 1282 885 1334; x_wconf 91' lang='lat' dir='ltr'>ibi</span> <span class='ocrx_word' id='word_1_133' title='bbox 920 1283 1161 1336; x_wconf 82' lang='lat' dir='ltr'>Trinitas</span> <span class='ocrx_word' id='word_1_134' title='bbox 1181 1324 1194 1348; x_wconf 89' lang='lat'>,</span> <span class='ocrx_word' id='word_1_135' title='bbox 1237 1303 1307 1336; x_wconf 92' lang='lat' dir='ltr'>an</span> <span class='ocrx_word' id='word_1_136' title='bbox 1339 1283 1399 1335; x_wconf 91' lang='lat' dir='ltr'>in</span> <span class='ocrx_word' id='word_1_137' title='bbox 1439 1285 1671 1353; x_wconf 88' lang='lat' dir='ltr'>singulis</span> <span class='ocrx_word' id='word_1_138' title='bbox 1709 1285 1830 1338; x_wconf 88' lang='lat' dir='ltr'>haec</span> <span class='ocrx_word' id='word_1_139' title='bbox 1868 1287 1988 1352; x_wconf 85' lang='lat' dir='ltr'>tria,</span> <span class='ocrx_word' id='word_1_140' title='bbox 2022 1287 2118 1340; x_wconf 80' lang='lat' dir='ltr'>ut*</span> <span class='ocrx_word' id='word_1_141' title='bbox 2154 1295 2302 1343; x_wconf 86' lang='lat' dir='ltr'>terna</span> 
     </span>
     <span class='ocr_line' id='line_1_17' title="bbox 411 1367 2305 1445; baseline 0.005 -25"><span class='ocrx_word' id='word_1_142' title='bbox 411 1367 750 1435; x_wconf 87' lang='lat' dir='ltr'>singulorum</span> <span class='ocrx_word' id='word_1_143' title='bbox 797 1370 940 1432; x_wconf 88' lang='lat' dir='ltr'>sint;</span> <span class='ocrx_word' id='word_1_144' title='bbox 1006 1389 1076 1423; x_wconf 90' lang='lat' dir='ltr'>an</span> <span class='ocrx_word' id='word_1_145' title='bbox 1120 1377 1412 1441; x_wconf 87' lang='lat' dir='ltr'>utrumque</span> <span class='ocrx_word' id='word_1_146' title='bbox 1457 1371 1608 1424; x_wconf 89' lang='lat' dir='ltr'>miris</span> <span class='ocrx_word' id='word_1_147' title='bbox 1657 1372 1836 1426; x_wconf 91' lang='lat' dir='ltr'>modis</span> <span class='ocrx_word' id='word_1_148' title='bbox 1886 1374 2204 1445; x_wconf 84' lang='lat' dir='ltr'>simpliciter</span> <span class='ocrx_word' id='word_1_149' title='bbox 2251 1383 2305 1430; x_wconf 91' lang='lat' dir='ltr'>et</span> 
     </span>
     <span class='ocr_line' id='line_1_18' title="bbox 409 1455 2303 1530; baseline 0.005 -24"><span class='ocrx_word' id='word_1_150' title='bbox 409 1455 804 1526; x_wconf 89' lang='lat' dir='ltr'>multipliciter,</span> <span class='ocrx_word' id='word_1_151' title='bbox 838 1456 1055 1510; x_wconf 91' lang='lat' dir='ltr'>infinito</span> <span class='ocrx_word' id='word_1_152' title='bbox 1094 1458 1153 1509; x_wconf 92' lang='lat' dir='ltr'>in</span> <span class='ocrx_word' id='word_1_153' title='bbox 1193 1477 1250 1511; x_wconf 89' lang='lat' dir='ltr'>se</span> <span class='ocrx_word' id='word_1_154' title='bbox 1291 1459 1397 1511; x_wconf 89' lang='lat' dir='ltr'>sibi</span> <span class='ocrx_word' id='word_1_155' title='bbox 1434 1458 1563 1526; x_wconf 87' lang='lat' dir='ltr'>fine,</span> <span class='ocrx_word' id='word_1_156' title='bbox 1599 1479 1710 1530; x_wconf 90' lang='lat' dir='ltr'>quo</span> <span class='ocrx_word' id='word_1_157' title='bbox 1747 1467 1847 1526; x_wconf 88' lang='lat' dir='ltr'>est,</span> <span class='ocrx_word' id='word_1_158' title='bbox 1882 1468 1937 1514; x_wconf 93' lang='lat' dir='ltr'>et</span> <span class='ocrx_word' id='word_1_159' title='bbox 1976 1462 2081 1514; x_wconf 90' lang='lat' dir='ltr'>sibi</span> <span class='ocrx_word' id='word_1_160' title='bbox 2115 1470 2303 1517; x_wconf 90' lang='lat' dir='ltr'>notum</span> 
     </span>
     <span class='ocr_line' id='line_1_19' title="bbox 410 1544 2304 1619; baseline 0.005 -24"><span class='ocrx_word' id='word_1_161' title='bbox 410 1551 510 1608; x_wconf 89' lang='lat' dir='ltr'>est,</span> <span class='ocrx_word' id='word_1_162' title='bbox 537 1551 592 1596; x_wconf 91' lang='lat' dir='ltr'>et</span> <span class='ocrx_word' id='word_1_163' title='bbox 618 1544 724 1596; x_wconf 91' lang='lat' dir='ltr'>sibi</span> <span class='ocrx_word' id='word_1_164' title='bbox 753 1545 972 1610; x_wconf 87' lang='lat' dir='ltr'>sufficit,</span> <span class='ocrx_word' id='word_1_165' title='bbox 999 1545 1520 1599; x_wconf 88' lang='lat' dir='ltr'>incommutabiliter</span> <span class='ocrx_word' id='word_1_166' title='bbox 1543 1546 1804 1617; x_wconf 89' lang='lat' dir='ltr'>idipsum,</span> <span class='ocrx_word' id='word_1_167' title='bbox 1832 1549 2058 1619; x_wconf 89' lang='lat' dir='ltr'>copiosa</span> <span class='ocrx_word' id='word_1_168' title='bbox 2081 1550 2304 1604; x_wconf 86' lang='lat' dir='ltr'>unitatis</span> 
     </span>
     <span class='ocr_line' id='line_1_20' title="bbox 406 1631 2299 1704; baseline 0.005 -22"><span class='ocrx_word' id='word_1_169' title='bbox 406 1631 818 1700; x_wconf 80' lang='lat' dir='ltr'>magnitudine3</span> <span class='ocrx_word' id='word_1_170' title='bbox 859 1633 984 1702; x_wconf 90' lang='lat' dir='ltr'>quis</span> <span class='ocrx_word' id='word_1_171' title='bbox 1011 1634 1170 1686; x_wconf 87' lang='lat' dir='ltr'>facile</span> <span class='ocrx_word' id='word_1_172' title='bbox 1199 1633 1550 1702; x_wconf 87' lang='lat' dir='ltr'>cogitaverit?</span> <span class='ocrx_word' id='word_1_173' title='bbox 1592 1636 1716 1704; x_wconf 91' lang='lat' dir='ltr'>quis</span> <span class='ocrx_word' id='word_1_174' title='bbox 1740 1637 1854 1689; x_wconf 92' lang='lat' dir='ltr'>ullo</span> <span class='ocrx_word' id='word_1_175' title='bbox 1879 1636 2044 1689; x_wconf 89' lang='lat' dir='ltr'>modo</span> <span class='ocrx_word' id='word_1_176' title='bbox 2072 1637 2299 1692; x_wconf 87' lang='lat' dir='ltr'>dixerit?</span> 
     </span>
     <span class='ocr_line' id='line_1_21' title="bbox 407 1718 1725 1790; baseline 0.005 -21"><span class='ocrx_word' id='word_1_177' title='bbox 407 1718 532 1787; x_wconf 89' lang='lat' dir='ltr'>quis</span> <span class='ocrx_word' id='word_1_178' title='bbox 560 1718 808 1787; x_wconf 90' lang='lat' dir='ltr'>quolibet</span> <span class='ocrx_word' id='word_1_179' title='bbox 833 1719 998 1771; x_wconf 92' lang='lat' dir='ltr'>modo</span> <span class='ocrx_word' id='word_1_180' title='bbox 1026 1726 1227 1773; x_wconf 87' lang='lat' dir='ltr'>temere</span> <span class='ocrx_word' id='word_1_181' title='bbox 1254 1721 1725 1790; x_wconf 88' lang='lat' dir='ltr'>pronuntiaverit?</span> 
     </span>
    </p>
   </div>
   <div class='ocr_carea' id='block_1_3' title="bbox 197 1804 2303 2015">
    <p class='ocr_par' dir='ltr' id='par_1_3' title="bbox 197 1804 2303 2015">
     <span class='ocr_line' id='line_1_22' title="bbox 231 1804 2302 1878; baseline 0.004 -22"><span class='ocrx_word' id='word_1_182' title='bbox 231 1808 351 1878; x_wconf 68' lang='lat' dir='ltr'>XII:</span> <span class='ocrx_word' id='word_1_183' title='bbox 487 1808 568 1857; x_wconf 85' lang='lat'>13.</span> <span class='ocrx_word' id='word_1_184' title='bbox 610 1804 852 1858; x_wconf 84' lang='lat' dir='ltr'>Procede</span> <span class='ocrx_word' id='word_1_185' title='bbox 890 1807 949 1858; x_wconf 93' lang='lat' dir='ltr'>in</span> <span class='ocrx_word' id='word_1_186' title='bbox 989 1806 1351 1872; x_wconf 87' lang='lat' dir='ltr'>confessione,</span> <span class='ocrx_word' id='word_1_187' title='bbox 1389 1807 1530 1860; x_wconf 90' lang='lat' dir='ltr'>fides</span> <span class='ocrx_word' id='word_1_188' title='bbox 1567 1827 1722 1874; x_wconf 86' lang='lat' dir='ltr'>mea3</span> <span class='ocrx_word' id='word_1_189' title='bbox 1779 1809 1868 1862; x_wconf 93' lang='lat' dir='ltr'>dic</span> <span class='ocrx_word' id='word_1_190' title='bbox 1904 1810 2143 1863; x_wconf 89' lang='lat' dir='ltr'>Domino</span> <span class='ocrx_word' id='word_1_191' title='bbox 2181 1811 2302 1865; x_wconf 89' lang='lat' dir='ltr'>Deo</span> 
     </span>
     <span class='ocr_line' id='line_1_23' title="bbox 197 1863 2303 1962; baseline 0.004 -20"><span class='ocrx_word' id='word_1_192' title='bbox 197 1863 352 1959; x_wconf 48' lang='grc' dir='ltr'>ἒὲθζῗῑῗ</span> <span class='ocrx_word' id='word_1_193' title='bbox 407 1897 532 1944; x_wconf 87' lang='lat' dir='ltr'>tuo:</span> <span class='ocrx_word' id='word_1_194' title='bbox 579 1893 802 1954; x_wconf 75' lang='lat' dir='ltr'>Sancte,</span> <span class='ocrx_word' id='word_1_195' title='bbox 833 1894 1055 1958; x_wconf 79' lang='lat' dir='ltr'>Sancte,</span> <span class='ocrx_word' id='word_1_196' title='bbox 1086 1895 1309 1960; x_wconf 68' lang='lat' dir='ltr'>Saue-te,</span> <span class='ocrx_word' id='word_1_197' title='bbox 1336 1896 1569 1948; x_wconf 74' lang='lat' dir='ltr'>Domine</span> <span class='ocrx_word' id='word_1_198' title='bbox 1595 1898 1751 1949; x_wconf 84' lang='lat' dir='ltr'>Deus</span> <span class='ocrx_word' id='word_1_199' title='bbox 1785 1915 1958 1962; x_wconf 80' lang='lat' dir='ltr'>meuS,</span> <span class='ocrx_word' id='word_1_200' title='bbox 1994 1897 2053 1949; x_wconf 90' lang='lat' dir='ltr'>in</span> <span class='ocrx_word' id='word_1_201' title='bbox 2085 1898 2303 1950; x_wconf 91' lang='lat' dir='ltr'>nomine</span> 
     </span>
     <span class='ocr_line' id='line_1_24' title="bbox 197 1975 345 2015; baseline 0.02 -2"><span class='ocrx_word' id='word_1_202' title='bbox 197 1975 345 2015; x_wconf 86' lang='lat' dir='ltr'>forma-</span> 
     </span>
    </p>
   </div>
   <div class='ocr_carea' id='block_1_4' title="bbox 194 1979 2303 2876">
    <p class='ocr_par' dir='ltr' id='par_1_4' title="bbox 196 1979 2303 2237">
     <span class='ocr_line' id='line_1_25' title="bbox 198 1979 2303 2070; baseline 0.004 -40"><span class='ocrx_word' id='word_1_203' title='bbox 198 2030 350 2070; x_wconf 79' lang='lat' dir='ltr'>tionem</span> <span class='ocrx_word' id='word_1_204' title='bbox 405 1985 499 2031; x_wconf 87' lang='lat' dir='ltr'>tuo</span> <span class='ocrx_word' id='word_1_205' title='bbox 544 1979 814 2049; x_wconf 87' lang='lat' dir='ltr'>baptizati</span> <span class='ocrx_word' id='word_1_206' title='bbox 859 1999 1065 2046; x_wconf 87' lang='lat' dir='ltr'>sumus,</span> <span class='ocrx_word' id='word_1_207' title='bbox 1100 1982 1277 2033; x_wconf 83' lang='lat' dir='ltr'>Pater</span> <span class='ocrx_word' id='word_1_208' title='bbox 1318 1988 1372 2033; x_wconf 84' lang='lat' dir='ltr'>et</span> <span class='ocrx_word' id='word_1_209' title='bbox 1417 1982 1537 2034; x_wconf 80' lang='lat' dir='ltr'>Fili</span> <span class='ocrx_word' id='word_1_210' title='bbox 1576 1990 1630 2035; x_wconf 81' lang='lat' dir='ltr'>et</span> <span class='ocrx_word' id='word_1_211' title='bbox 1676 1985 1924 2051; x_wconf 74' lang='lat' dir='ltr'>Spiritus</span> <span class='ocrx_word' id='word_1_212' title='bbox 1962 1991 2183 2043; x_wconf 51' lang='lat' dir='ltr'>sanct&amp;</span> <span class='ocrx_word' id='word_1_213' title='bbox 2243 1988 2303 2038; x_wconf 81' lang='lat' dir='ltr'>iu</span> 
     </span>
     <span class='ocr_line' id='line_1_26' title="bbox 196 2068 2299 2140; baseline 0.004 -22"><span class='ocrx_word' id='word_1_214' title='bbox 196 2085 389 2126; x_wconf 78' lang='lat' dir='ltr'>Ecclesiae</span> <span class='ocrx_word' id='word_1_215' title='bbox 404 2070 624 2120; x_wconf 76' lang='lat' dir='ltr'>nomine</span> <span class='ocrx_word' id='word_1_216' title='bbox 665 2075 758 2120; x_wconf 84' lang='lat' dir='ltr'>tuo</span> <span class='ocrx_word' id='word_1_217' title='bbox 805 2068 1173 2136; x_wconf 77' lang='lat' dir='ltr'>baptizamus,</span> <span class='ocrx_word' id='word_1_218' title='bbox 1212 2072 1389 2123; x_wconf 80' lang='lat' dir='ltr'>Pater</span> <span class='ocrx_word' id='word_1_219' title='bbox 1431 2079 1486 2124; x_wconf 81' lang='lat' dir='ltr'>et</span> <span class='ocrx_word' id='word_1_220' title='bbox 1528 2072 1647 2124; x_wconf 83' lang='lat' dir='ltr'>Fili</span> <span class='ocrx_word' id='word_1_221' title='bbox 1688 2079 1741 2125; x_wconf 83' lang='lat' dir='ltr'>et</span> <span class='ocrx_word' id='word_1_222' title='bbox 1787 2074 2035 2140; x_wconf 74' lang='lat' dir='ltr'>Spiritus</span> <span class='ocrx_word' id='word_1_223' title='bbox 2076 2081 2299 2133; x_wconf 77' lang='lat' dir='ltr'>saucte;</span> 
     </span>
     <span class='ocr_line' id='line_1_27' title="bbox 197 2142 2302 2237; baseline 0.004 -31"><span class='ocrx_word' id='word_1_224' title='bbox 197 2142 385 2237; x_wconf 48' lang='lat' dir='ltr'>gfffigu-</span> <span class='ocrx_word' id='word_1_225' title='bbox 406 2156 537 2225; x_wconf 90' lang='lat' dir='ltr'>quia</span> <span class='ocrx_word' id='word_1_226' title='bbox 564 2163 618 2207; x_wconf 91' lang='lat' dir='ltr'>et</span> <span class='ocrx_word' id='word_1_227' title='bbox 644 2155 793 2226; x_wconf 88' lang='lat' dir='ltr'>apud</span> <span class='ocrx_word' id='word_1_228' title='bbox 812 2175 913 2208; x_wconf 89' lang='lat' dir='ltr'>nos</span> <span class='ocrx_word' id='word_1_229' title='bbox 939 2156 997 2207; x_wconf 91' lang='lat' dir='ltr'>in</span> <span class='ocrx_word' id='word_1_230' title='bbox 1027 2157 1248 2210; x_wconf 86' lang='lat' dir='ltr'>Christo</span> <span class='ocrx_word' id='word_1_231' title='bbox 1270 2155 1405 2210; x_wconf 76' lang='lat' dir='ltr'>suo*</span> <span class='ocrx_word' id='word_1_232' title='bbox 1417 2159 1570 2228; x_wconf 81' lang='lat' dir='ltr'>fecit</span> <span class='ocrx_word' id='word_1_233' title='bbox 1588 2161 1743 2211; x_wconf 83' lang='lat' dir='ltr'>Deus</span> <span class='ocrx_word' id='word_1_234' title='bbox 1769 2161 1968 2211; x_wconf 82' lang='lat' dir='ltr'>coelum</span> <span class='ocrx_word' id='word_1_235' title='bbox 1994 2168 2049 2212; x_wconf 85' lang='lat' dir='ltr'>et</span> <span class='ocrx_word' id='word_1_236' title='bbox 2076 2167 2302 2227; x_wconf 82' lang='lat' dir='ltr'>terram,</span> 
     </span>
    </p>

    <p class='ocr_par' dir='ltr' id='par_1_5' title="bbox 403 2242 2302 2311">
     <span class='ocr_line' id='line_1_28' title="bbox 403 2242 2302 2311; baseline 0.004 -19"><span class='ocrx_word' id='word_1_237' title='bbox 403 2242 715 2311; x_wconf 86' lang='lat' dir='ltr'>spirituales</span> <span class='ocrx_word' id='word_1_238' title='bbox 754 2253 808 2295; x_wconf 89' lang='lat' dir='ltr'>et</span> <span class='ocrx_word' id='word_1_239' title='bbox 843 2244 1088 2296; x_wconf 84' lang='lat' dir='ltr'>carnales</span> <span class='ocrx_word' id='word_1_240' title='bbox 1128 2245 1398 2297; x_wconf 82' lang='lat' dir='ltr'>Ecclesiae</span> <span class='ocrx_word' id='word_1_241' title='bbox 1438 2248 1603 2310; x_wconf 77' lang='lat' dir='ltr'>suae‘3</span> <span class='ocrx_word' id='word_1_242' title='bbox 1662 2254 1717 2298; x_wconf 88' lang='lat' dir='ltr'>et</span> <span class='ocrx_word' id='word_1_243' title='bbox 1747 2253 1899 2298; x_wconf 84' lang='lat' dir='ltr'>terra</span> <span class='ocrx_word' id='word_1_244' title='bbox 1927 2255 2115 2300; x_wconf 88' lang='lat' dir='ltr'>nostra</span> <span class='ocrx_word' id='word_1_245' title='bbox 2154 2257 2302 2301; x_wconf 90' lang='lat' dir='ltr'>ante-</span> 
     </span>
    </p>

    <p class='ocr_par' dir='ltr' id='par_1_6' title="bbox 194 2330 2302 2876">
     <span class='ocr_line' id='line_1_29' title="bbox 404 2330 2302 2399; baseline 0.004 -19"><span class='ocrx_word' id='word_1_246' title='bbox 404 2346 567 2398; x_wconf 90' lang='lat' dir='ltr'>quam</span> <span class='ocrx_word' id='word_1_247' title='bbox 611 2330 886 2399; x_wconf 86' lang='lat' dir='ltr'>acciperet</span> <span class='ocrx_word' id='word_1_248' title='bbox 929 2330 1156 2384; x_wconf 84' lang='lat' dir='ltr'>formam</span> <span class='ocrx_word' id='word_1_249' title='bbox 1197 2331 1480 2398; x_wconf 79' lang='lat' dir='ltr'>doctrinae,</span> <span class='ocrx_word' id='word_1_250' title='bbox 1518 2333 1810 2385; x_wconf 77' lang='lat' dir='ltr'>invisibilis</span> <span class='ocrx_word' id='word_1_251' title='bbox 1847 2341 1970 2386; x_wconf 82' lang='lat' dir='ltr'>erat</span> <span class='ocrx_word' id='word_1_252' title='bbox 2008 2342 2061 2386; x_wconf 81' lang='lat' dir='ltr'>et</span> <span class='ocrx_word' id='word_1_253' title='bbox 2098 2337 2302 2387; x_wconf 80' lang='lat' dir='ltr'>iucom-</span> 
     </span>
     <span class='ocr_line' id='line_1_30' title="bbox 197 2417 2302 2490; baseline 0.003 -24"><span class='ocrx_word' id='word_1_254' title='bbox 197 2427 268 2467; x_wconf 82' lang='lat' dir='ltr'>Ps.</span> <span class='ocrx_word' id='word_1_255' title='bbox 290 2427 360 2473; x_wconf 86' lang='lat'>38,</span> <span class='ocrx_word' id='word_1_256' title='bbox 393 2418 599 2482; x_wconf 73' lang='lat' dir='ltr'>posita,</span> <span class='ocrx_word' id='word_1_257' title='bbox 637 2423 691 2468; x_wconf 91' lang='lat' dir='ltr'>et</span> <span class='ocrx_word' id='word_1_258' title='bbox 727 2417 1051 2484; x_wconf 80' lang='lat' dir='ltr'>ignorantiae</span> <span class='ocrx_word' id='word_1_259' title='bbox 1091 2419 1328 2470; x_wconf 86' lang='lat' dir='ltr'>tenebris</span> <span class='ocrx_word' id='word_1_260' title='bbox 1367 2420 1720 2486; x_wconf 83' lang='lat' dir='ltr'>tegebamur3</span> <span class='ocrx_word' id='word_1_261' title='bbox 1767 2420 2027 2490; x_wconf 91' lang='lat' dir='ltr'>quoniam</span> <span class='ocrx_word' id='word_1_262' title='bbox 2056 2439 2162 2488; x_wconf 77' lang='lat' dir='ltr'>pro</span> <span class='ocrx_word' id='word_1_263' title='bbox 2194 2423 2302 2474; x_wconf 77' lang='lat' dir='ltr'>ini-</span> 
     </span>
     <span class='ocr_line' id='line_1_31' title="bbox 197 2485 2300 2585; baseline 0.002 -30"><span class='ocrx_word' id='word_1_264' title='bbox 197 2485 268 2579; x_wconf 46' lang='grc' dir='ltr'>ἐξ·</span> <span class='ocrx_word' id='word_1_265' title='bbox 289 2539 358 2585; x_wconf 90' lang='lat'>35,</span> <span class='ocrx_word' id='word_1_266' title='bbox 403 2506 619 2574; x_wconf 62' lang='lat' dir='ltr'>quitata·</span> <span class='ocrx_word' id='word_1_267' title='bbox 648 2506 886 2557; x_wconf 73' lang='lat' dir='ltr'>erudisti</span> <span class='ocrx_word' id='word_1_268' title='bbox 913 2507 1207 2570; x_wconf 75' lang='lat' dir='ltr'>hominem,</span> <span class='ocrx_word' id='word_1_269' title='bbox 1234 2512 1288 2557; x_wconf 86' lang='lat' dir='ltr'>et</span> <span class='ocrx_word' id='word_1_270' title='bbox 1302 2505 1531 2574; x_wconf 81' lang='lat' dir='ltr'>judicia</span> <span class='ocrx_word' id='word_1_271' title='bbox 1562 2513 1660 2558; x_wconf 80' lang='lat' dir='ltr'>tua</span> <span class='ocrx_word' id='word_1_272' title='bbox 1687 2508 1831 2559; x_wconf 83' lang='lat' dir='ltr'>sicut</span> <span class='ocrx_word' id='word_1_273' title='bbox 1859 2509 2038 2559; x_wconf 79' lang='lat' dir='ltr'>multa</span> <span class='ocrx_word' id='word_1_274' title='bbox 2065 2508 2300 2576; x_wconf 76' lang='lat' dir='ltr'>abyssus.</span> 
     </span>
     <span class='ocr_line' id='line_1_32' title="bbox 198 2590 2300 2664; baseline 0.001 -21"><span class='ocrx_word' id='word_1_275' title='bbox 198 2596 239 2635; x_wconf 91' lang='lat'>7.</span> <span class='ocrx_word' id='word_1_276' title='bbox 405 2590 513 2644; x_wconf 88' lang='lat' dir='ltr'>Sed</span> <span class='ocrx_word' id='word_1_277' title='bbox 540 2591 669 2660; x_wconf 88' lang='lat' dir='ltr'>quia</span> <span class='ocrx_word' id='word_1_278' title='bbox 697 2592 947 2659; x_wconf 75' lang='lat' dir='ltr'>Spiritus</span> <span class='ocrx_word' id='word_1_279' title='bbox 972 2598 1099 2644; x_wconf 89' lang='lat' dir='ltr'>tuus</span> <span class='ocrx_word' id='word_1_280' title='bbox 1123 2592 1573 2661; x_wconf 69' lang='lat' dir='ltr'>superferebatur</span> <span class='ocrx_word' id='word_1_281' title='bbox 1603 2612 1768 2661; x_wconf 79' lang='lat' dir='ltr'>super</span> <span class='ocrx_word' id='word_1_282' title='bbox 1793 2612 2018 2664; x_wconf 79' lang='lat' dir='ltr'>aquam,</span> <span class='ocrx_word' id='word_1_283' title='bbox 2044 2613 2155 2646; x_wconf 92' lang='lat' dir='ltr'>non</span> <span class='ocrx_word' id='word_1_284' title='bbox 2180 2595 2300 2647; x_wconf 91' lang='lat' dir='ltr'>reli-</span> 
     </span>
     <span class='ocr_line' id='line_1_33' title="bbox 194 2650 2298 2748; baseline 0.003 -20"><span class='ocrx_word' id='word_1_285' title='bbox 194 2650 303 2746; x_wconf 49' lang='grc' dir='ltr'>ξω</span> <span class='ocrx_word' id='word_1_286' title='bbox 334 2651 371 2697; x_wconf 90' lang='lat'>1,</span> <span class='ocrx_word' id='word_1_287' title='bbox 405 2679 525 2748; x_wconf 89' lang='lat' dir='ltr'>quit</span> <span class='ocrx_word' id='word_1_288' title='bbox 549 2679 823 2732; x_wconf 91' lang='lat' dir='ltr'>miseriam</span> <span class='ocrx_word' id='word_1_289' title='bbox 858 2688 1098 2732; x_wconf 87' lang='lat' dir='ltr'>nostram</span> <span class='ocrx_word' id='word_1_290' title='bbox 1133 2679 1506 2732; x_wconf 88' lang='lat' dir='ltr'>misericordia</span> <span class='ocrx_word' id='word_1_291' title='bbox 1531 2686 1643 2746; x_wconf 88' lang='lat' dir='ltr'>tua,</span> <span class='ocrx_word' id='word_1_292' title='bbox 1670 2688 1725 2733; x_wconf 88' lang='lat' dir='ltr'>et</span> <span class='ocrx_word' id='word_1_293' title='bbox 1751 2681 1971 2733; x_wconf 82' lang='lat' dir='ltr'>dixisti:</span> <span class='ocrx_word' id='word_1_294' title='bbox 2013 2682 2150 2735; x_wconf 79' lang='lat' dir='ltr'>Fiat</span> <span class='ocrx_word' id='word_1_295' title='bbox 2183 2685 2298 2735; x_wconf 76' lang='lat' dir='ltr'>lux.</span> 
     </span>
     <span class='ocr_line' id='line_1_34' title="bbox 195 2766 2297 2837; baseline 0.001 -17"><span class='ocrx_word' id='word_1_296' title='bbox 195 2782 306 2823; x_wconf 84' lang='lat' dir='ltr'>Mat.</span> <span class='ocrx_word' id='word_1_297' title='bbox 326 2781 367 2828; x_wconf 89' lang='lat'>3,</span> <span class='ocrx_word' id='word_1_298' title='bbox 403 2766 801 2818; x_wconf 67' lang='lat' dir='ltr'>Paenitentiam</span> <span class='ocrx_word' id='word_1_299' title='bbox 842 2768 1010 2835; x_wconf 69' lang='lat' dir='ltr'>ayite,</span> <span class='ocrx_word' id='word_1_300' title='bbox 1049 2768 1519 2837; x_wconf 67' lang='lat' dir='ltr'>appropinquavit</span> <span class='ocrx_word' id='word_1_301' title='bbox 1560 2769 1708 2820; x_wconf 80' lang='lat' dir='ltr'>enim</span> <span class='ocrx_word' id='word_1_302' title='bbox 1752 2786 1982 2837; x_wconf 73' lang='lat' dir='ltr'>requum</span> <span class='ocrx_word' id='word_1_303' title='bbox 2022 2771 2297 2822; x_wconf 59' lang='lat' dir='ltr'>coelorum.</span> 
     </span>
     <span class='ocr_line' id='line_1_35' title="bbox 199 2838 263 2876; baseline -0.016 0"><span class='ocrx_word' id='word_1_304' title='bbox 199 2838 263 2876; x_wconf 86' lang='lat'>12.</span> 
     </span>
    </p>
   </div>
   <div class='ocr_carea' id='block_1_5' title="bbox 400 2960 2297 3021">
    <p class='ocr_par' dir='ltr' id='par_1_7' title="bbox 400 2960 2297 3021">
     <span class='ocr_line' id='line_1_36' title="bbox 400 2960 2297 3021; baseline 0.004 -20"><span class='ocrx_word' id='word_1_305' title='bbox 400 2966 547 3016; x_wconf 82' lang='lat' dir='ltr'>potest,</span> <span class='ocrx_word' id='word_1_306' title='bbox 582 2960 621 3001; x_wconf 90' lang='lat' dir='ltr'>id</span> <span class='ocrx_word' id='word_1_307' title='bbox 656 2968 730 3008; x_wconf 85' lang='lat' dir='ltr'>est,</span> <span class='ocrx_word' id='word_1_308' title='bbox 764 2976 806 3002; x_wconf 87' lang='lat' dir='ltr'>se</span> <span class='ocrx_word' id='word_1_309' title='bbox 842 2962 941 3017; x_wconf 87' lang='lat' dir='ltr'>ipso.</span> <span class='ocrx_word' id='word_1_310' title='bbox 1018 2964 1085 3003; x_wconf 86' lang='lat' dir='ltr'>Ita</span> <span class='ocrx_word' id='word_1_311' title='bbox 1113 2970 1206 3003; x_wconf 89' lang='lat' dir='ltr'>sunt</span> <span class='ocrx_word' id='word_1_312' title='bbox 1235 2963 1322 3004; x_wconf 88' lang='lat' dir='ltr'>haec</span> <span class='ocrx_word' id='word_1_313' title='bbox 1378 2965 1736 3019; x_wconf 79' lang='lat' dir='ltr'>tantumsediligit</span> <span class='ocrx_word' id='word_1_314' title='bbox 1753 2973 1950 3020; x_wconf 86' lang='lat' dir='ltr'>quantum</span> <span class='ocrx_word' id='word_1_315' title='bbox 1967 2967 2076 3008; x_wconf 88' lang='lat' dir='ltr'>novit</span> <span class='ocrx_word' id='word_1_316' title='bbox 2092 2975 2132 3008; x_wconf 90' lang='lat' dir='ltr'>et</span> <span class='ocrx_word' id='word_1_317' title='bbox 2145 2973 2297 3021; x_wconf 84' lang='lat' dir='ltr'>quanta</span> 
     </span>
    </p>
   </div>
   <div class='ocr_carea' id='block_1_6' title="bbox 401 3016 1325 3790">
    <p class='ocr_par' dir='ltr' id='par_1_8' title="bbox 401 3016 1325 3790">
     <span class='ocr_line' id='line_1_37' title="bbox 402 3016 1322 3070; baseline 0.001 -13"><span class='ocrx_word' id='word_1_318' title='bbox 402 3016 562 3069; x_wconf 85' lang='lat' dir='ltr'>singula</span> <span class='ocrx_word' id='word_1_319' title='bbox 590 3016 633 3056; x_wconf 93' lang='lat' dir='ltr'>in</span> <span class='ocrx_word' id='word_1_320' title='bbox 663 3031 705 3056; x_wconf 88' lang='lat' dir='ltr'>se</span> <span class='ocrx_word' id='word_1_321' title='bbox 735 3017 846 3070; x_wconf 82' lang='lat' dir='ltr'>ipsiS.</span> <span class='ocrx_word' id='word_1_322' title='bbox 905 3019 956 3057; x_wconf 89' lang='lat' dir='ltr'>In</span> <span class='ocrx_word' id='word_1_323' title='bbox 990 3019 1153 3058; x_wconf 83' lang='lat' dir='ltr'>alternis</span> <span class='ocrx_word' id='word_1_324' title='bbox 1185 3027 1322 3058; x_wconf 87' lang='lat' dir='ltr'>autem</span> 
     </span>
     <span class='ocr_line' id='line_1_38' title="bbox 402 3072 1321 3126; baseline 0.002 -15"><span class='ocrx_word' id='word_1_325' title='bbox 402 3072 461 3112; x_wconf 84' lang='lat' dir='ltr'>ita</span> <span class='ocrx_word' id='word_1_326' title='bbox 480 3080 588 3118; x_wconf 86' lang='lat' dir='ltr'>sunt,</span> <span class='ocrx_word' id='word_1_327' title='bbox 609 3072 706 3126; x_wconf 85' lang='lat' dir='ltr'>quia</span> <span class='ocrx_word' id='word_1_328' title='bbox 733 3080 773 3112; x_wconf 92' lang='lat' dir='ltr'>et</span> <span class='ocrx_word' id='word_1_329' title='bbox 806 3086 919 3112; x_wconf 87' lang='lat' dir='ltr'>mens</span> <span class='ocrx_word' id='word_1_330' title='bbox 948 3086 1089 3113; x_wconf 87' lang='lat' dir='ltr'>amans</span> <span class='ocrx_word' id='word_1_331' title='bbox 1118 3074 1160 3113; x_wconf 92' lang='lat' dir='ltr'>in</span> <span class='ocrx_word' id='word_1_332' title='bbox 1188 3087 1321 3114; x_wconf 86' lang='lat' dir='ltr'>amore</span> 
     </span>
     <span class='ocr_line' id='line_1_39' title="bbox 403 3127 1322 3174; baseline 0.002 -7"><span class='ocrx_word' id='word_1_333' title='bbox 403 3134 480 3174; x_wconf 86' lang='lat' dir='ltr'>est,</span> <span class='ocrx_word' id='word_1_334' title='bbox 500 3135 539 3166; x_wconf 83' lang='lat' dir='ltr'>ct</span> <span class='ocrx_word' id='word_1_335' title='bbox 559 3140 669 3167; x_wconf 83' lang='lat' dir='ltr'>amor</span> <span class='ocrx_word' id='word_1_336' title='bbox 687 3127 727 3166; x_wconf 86' lang='lat' dir='ltr'>in</span> <span class='ocrx_word' id='word_1_337' title='bbox 749 3128 923 3168; x_wconf 83' lang='lat' dir='ltr'>amantis</span> <span class='ocrx_word' id='word_1_338' title='bbox 943 3129 1099 3174; x_wconf 85' lang='lat' dir='ltr'>notitia,</span> <span class='ocrx_word' id='word_1_339' title='bbox 1121 3136 1161 3168; x_wconf 90' lang='lat' dir='ltr'>et</span> <span class='ocrx_word' id='word_1_340' title='bbox 1182 3129 1322 3169; x_wconf 86' lang='lat' dir='ltr'>notitia</span> 
     </span>
     <span class='ocr_line' id='line_1_40' title="bbox 403 3183 1323 3236; baseline 0.002 -14"><span class='ocrx_word' id='word_1_341' title='bbox 403 3183 445 3222; x_wconf 91' lang='lat' dir='ltr'>in</span> <span class='ocrx_word' id='word_1_342' title='bbox 470 3190 604 3223; x_wconf 87' lang='lat' dir='ltr'>mente</span> <span class='ocrx_word' id='word_1_343' title='bbox 626 3184 860 3224; x_wconf 88' lang='lat' dir='ltr'>noscente.&#39;&#39;</span> <span class='ocrx_word' id='word_1_344' title='bbox 897 3184 1003 3236; x_wconf 86' lang='lat' dir='ltr'>Aug.</span> <span class='ocrx_word' id='word_1_345' title='bbox 1025 3183 1076 3224; x_wconf 89' lang='lat' dir='ltr'>de</span> <span class='ocrx_word' id='word_1_346' title='bbox 1090 3184 1202 3225; x_wconf 87' lang='lat' dir='ltr'>Trin.</span> <span class='ocrx_word' id='word_1_347' title='bbox 1224 3184 1251 3224; x_wconf 92' lang='lat' dir='ltr'>l.</span> <span class='ocrx_word' id='word_1_348' title='bbox 1268 3185 1323 3224; x_wconf 91' lang='lat' dir='ltr'>ix.</span> 
     </span>
     <span class='ocr_line' id='line_1_41' title="bbox 401 3238 1325 3294; baseline 0.001 -16"><span class='ocrx_word' id='word_1_349' title='bbox 401 3251 438 3279; x_wconf 88' lang='lat' dir='ltr'>c.</span> <span class='ocrx_word' id='word_1_350' title='bbox 460 3238 501 3284; x_wconf 89' lang='lat'>4,</span> <span class='ocrx_word' id='word_1_351' title='bbox 523 3241 563 3278; x_wconf 88' lang='lat'>5.</span> <span class='ocrx_word' id='word_1_352' title='bbox 583 3238 654 3278; x_wconf 90' lang='lat' dir='ltr'>ubi</span> <span class='ocrx_word' id='word_1_353' title='bbox 674 3239 947 3293; x_wconf 79' lang='lat' dir='ltr'>pluribusiem</span> <span class='ocrx_word' id='word_1_354' title='bbox 961 3239 1227 3294; x_wconf 83' lang='lat' dir='ltr'>persequitur,</span> <span class='ocrx_word' id='word_1_355' title='bbox 1245 3253 1325 3280; x_wconf 87' lang='lat' dir='ltr'>non</span> 
     </span>
     <span class='ocr_line' id='line_1_42' title="bbox 402 3294 1324 3348; baseline 0 -14"><span class='ocrx_word' id='word_1_356' title='bbox 402 3307 484 3347; x_wconf 91' lang='lat' dir='ltr'>quo</span> <span class='ocrx_word' id='word_1_357' title='bbox 520 3295 799 3334; x_wconf 83' lang='lat' dir='ltr'>Sacrosanctae</span> <span class='ocrx_word' id='word_1_358' title='bbox 840 3294 1051 3335; x_wconf 80' lang='lat' dir='ltr'>Trinitatis</span> <span class='ocrx_word' id='word_1_359' title='bbox 1089 3294 1324 3348; x_wconf 84' lang='lat' dir='ltr'>mysterium</span> 
     </span>
     <span class='ocr_line' id='line_1_43' title="bbox 402 3349 1322 3403; baseline 0.002 -14"><span class='ocrx_word' id='word_1_360' title='bbox 402 3349 570 3403; x_wconf 86' lang='lat' dir='ltr'>planum</span> <span class='ocrx_word' id='word_1_361' title='bbox 595 3349 733 3396; x_wconf 83' lang='lat' dir='ltr'>saciat,</span> <span class='ocrx_word' id='word_1_362' title='bbox 763 3349 832 3389; x_wconf 88' lang='lat' dir='ltr'>sed</span> <span class='ocrx_word' id='word_1_363' title='bbox 863 3364 943 3403; x_wconf 90' lang='lat' dir='ltr'>quo</span> <span class='ocrx_word' id='word_1_364' title='bbox 972 3350 1156 3390; x_wconf 86' lang='lat' dir='ltr'>ostendat</span> <span class='ocrx_word' id='word_1_365' title='bbox 1187 3351 1322 3391; x_wconf 77' lang='lat' dir='ltr'>Deum</span> 
     </span>
     <span class='ocr_line' id='line_1_44' title="bbox 403 3404 1323 3446; baseline 0.002 -2"><span class='ocrx_word' id='word_1_366' title='bbox 403 3411 431 3428; x_wconf 79' lang='lat'>‘⁸</span> <span class='ocrx_word' id='word_1_367' title='bbox 454 3417 498 3444; x_wconf 85' lang='lat' dir='ltr'>se</span> <span class='ocrx_word' id='word_1_368' title='bbox 518 3417 598 3444; x_wconf 91' lang='lat' dir='ltr'>non</span> <span class='ocrx_word' id='word_1_369' title='bbox 627 3404 712 3445; x_wconf 90' lang='lat' dir='ltr'>sine</span> <span class='ocrx_word' id='word_1_370' title='bbox 737 3404 993 3445; x_wconf 84' lang='lat' dir='ltr'>testimoni0”</span> <span class='ocrx_word' id='word_1_371' title='bbox 1013 3405 1056 3446; x_wconf 88' lang='lat' dir='ltr'>in</span> <span class='ocrx_word' id='word_1_372' title='bbox 1088 3413 1223 3446; x_wconf 73' lang='lat' dir='ltr'>mente</span> <span class='ocrx_word' id='word_1_373' title='bbox 1251 3406 1323 3446; x_wconf 88' lang='lat' dir='ltr'>bu-</span> 
     </span>
     <span class='ocr_line' id='line_1_45' title="bbox 405 3460 1323 3514; baseline 0.003 -15"><span class='ocrx_word' id='word_1_374' title='bbox 405 3472 528 3500; x_wconf 81' lang='lat' dir='ltr'>mana</span> <span class='ocrx_word' id='word_1_375' title='bbox 541 3466 569 3485; x_wconf 77' lang='lat'>⁴¹</span> <span class='ocrx_word' id='word_1_376' title='bbox 586 3460 791 3514; x_wconf 85' lang='lat' dir='ltr'>reliquisse</span> <span class='ocrx_word' id='word_1_377' title='bbox 803 3461 844 3510; x_wconf 82' lang='lat'>;&#39;&#39;</span> <span class='ocrx_word' id='word_1_378' title='bbox 863 3460 1011 3501; x_wconf 90' lang='lat' dir='ltr'>librum</span> <span class='ocrx_word' id='word_1_379' title='bbox 1024 3474 1114 3501; x_wconf 86' lang='lat' dir='ltr'>vero</span> <span class='ocrx_word' id='word_1_380' title='bbox 1134 3461 1191 3500; x_wconf 83' lang='lat' dir='ltr'>ita</span> <span class='ocrx_word' id='word_1_381' title='bbox 1210 3461 1323 3503; x_wconf 89' lang='lat' dir='ltr'>clau-</span> 
     </span>
     <span class='ocr_line' id='line_1_46' title="bbox 405 3514 1322 3570; baseline 0.003 -16"><span class='ocrx_word' id='word_1_382' title='bbox 405 3514 492 3563; x_wconf 85' lang='lat' dir='ltr'>dit;</span> <span class='ocrx_word' id='word_1_383' title='bbox 526 3519 553 3538; x_wconf 89' lang='lat'><strong>“</strong></span> <span class='ocrx_word' id='word_1_384' title='bbox 580 3516 627 3555; x_wconf 85' lang='lat' dir='ltr'>Et</span> <span class='ocrx_word' id='word_1_385' title='bbox 647 3522 708 3556; x_wconf 88' lang='lat' dir='ltr'>est</span> <span class='ocrx_word' id='word_1_386' title='bbox 727 3515 916 3569; x_wconf 81' lang='lat' dir='ltr'>quaedam</span> <span class='ocrx_word' id='word_1_387' title='bbox 945 3516 1080 3570; x_wconf 84' lang='lat' dir='ltr'>imago</span> <span class='ocrx_word' id='word_1_388' title='bbox 1099 3515 1322 3567; x_wconf 84' lang='lat' dir='ltr'>Trinitatis,</span> 
     </span>
     <span class='ocr_line' id='line_1_47' title="bbox 403 3569 1319 3625; baseline 0.004 -16"><span class='ocrx_word' id='word_1_389' title='bbox 403 3569 493 3623; x_wconf 86' lang='lat' dir='ltr'>ipsa</span> <span class='ocrx_word' id='word_1_390' title='bbox 509 3583 636 3616; x_wconf 85' lang='lat' dir='ltr'>mens,</span> <span class='ocrx_word' id='word_1_391' title='bbox 653 3578 694 3611; x_wconf 91' lang='lat' dir='ltr'>et</span> <span class='ocrx_word' id='word_1_392' title='bbox 703 3570 844 3611; x_wconf 89' lang='lat' dir='ltr'>notitia</span> <span class='ocrx_word' id='word_1_393' title='bbox 860 3571 1012 3625; x_wconf 77' lang='lat' dir='ltr'>ejuS,et</span> <span class='ocrx_word' id='word_1_394' title='bbox 1027 3584 1138 3613; x_wconf 87' lang='lat' dir='ltr'>amor</span> <span class='ocrx_word' id='word_1_395' title='bbox 1155 3571 1295 3613; x_wconf 88' lang='lat' dir='ltr'>tertius</span> <span class='ocrx_word' id='word_1_396' title='bbox 1311 3590 1319 3613; x_wconf 93' lang='lat'><strong>:</strong></span> 
     </span>
     <span class='ocr_line' id='line_1_48' title="bbox 402 3625 1320 3680; baseline 0.004 -16"><span class='ocrx_word' id='word_1_397' title='bbox 402 3631 443 3664; x_wconf 86' lang='lat' dir='ltr'>et</span> <span class='ocrx_word' id='word_1_398' title='bbox 462 3625 548 3666; x_wconf 78' lang='lat' dir='ltr'>haec</span> <span class='ocrx_word' id='word_1_399' title='bbox 569 3625 644 3666; x_wconf 83' lang='lat' dir='ltr'>tria</span> <span class='ocrx_word' id='word_1_400' title='bbox 663 3639 802 3674; x_wconf 88' lang='lat' dir='ltr'>unum,</span> <span class='ocrx_word' id='word_1_401' title='bbox 825 3634 946 3680; x_wconf 85' lang='lat' dir='ltr'>atque</span> <span class='ocrx_word' id='word_1_402' title='bbox 965 3640 1048 3667; x_wconf 84' lang='lat' dir='ltr'>una</span> <span class='ocrx_word' id='word_1_403' title='bbox 1079 3627 1320 3669; x_wconf 85' lang='lat' dir='ltr'>substantia.</span> 
     </span>
     <span class='ocr_line' id='line_1_49' title="bbox 404 3680 1320 3736; baseline 0.005 -18"><span class='ocrx_word' id='word_1_404' title='bbox 404 3680 494 3719; x_wconf 88' lang='lat' dir='ltr'>Nec</span> <span class='ocrx_word' id='word_1_405' title='bbox 516 3680 641 3721; x_wconf 88' lang='lat' dir='ltr'>minor</span> <span class='ocrx_word' id='word_1_406' title='bbox 668 3682 814 3736; x_wconf 86' lang='lat' dir='ltr'>proles,</span> <span class='ocrx_word' id='word_1_407' title='bbox 834 3681 930 3722; x_wconf 88' lang='lat' dir='ltr'>dum</span> <span class='ocrx_word' id='word_1_408' title='bbox 961 3689 1113 3723; x_wconf 77' lang='lat' dir='ltr'>tantam</span> <span class='ocrx_word' id='word_1_409' title='bbox 1142 3696 1185 3723; x_wconf 84' lang='lat' dir='ltr'>se</span> <span class='ocrx_word' id='word_1_410' title='bbox 1211 3684 1320 3723; x_wconf 88' lang='lat' dir='ltr'>novit</span> 
     </span>
     <span class='ocr_line' id='line_1_50' title="bbox 403 3737 1318 3790; baseline 0.005 -17"><span class='ocrx_word' id='word_1_411' title='bbox 403 3747 516 3775; x_wconf 87' lang='lat' dir='ltr'>mens</span> <span class='ocrx_word' id='word_1_412' title='bbox 535 3743 688 3790; x_wconf 86' lang='lat' dir='ltr'>quanta</span> <span class='ocrx_word' id='word_1_413' title='bbox 707 3743 788 3779; x_wconf 81' lang='lat' dir='ltr'>est:</span> <span class='ocrx_word' id='word_1_414' title='bbox 821 3749 896 3778; x_wconf 86' lang='lat' dir='ltr'>nec</span> <span class='ocrx_word' id='word_1_415' title='bbox 927 3738 1055 3780; x_wconf 88' lang='lat' dir='ltr'>minor</span> <span class='ocrx_word' id='word_1_416' title='bbox 1076 3750 1201 3787; x_wconf 80' lang='lat' dir='ltr'>amor,</span> <span class='ocrx_word' id='word_1_417' title='bbox 1223 3737 1318 3779; x_wconf 86' lang='lat' dir='ltr'>dum</span> 
     </span>
    </p>
   </div>
   <div class='ocr_carea' id='block_1_7' title="bbox 1377 3021 2298 3737">
    <p class='ocr_par' dir='ltr' id='par_1_9' title="bbox 1378 3021 1482 3061">
     <span class='ocr_line' id='line_1_51' title="bbox 1378 3021 1482 3061; baseline -0.01 0"><span class='ocrx_word' id='word_1_418' title='bbox 1378 3021 1482 3061; x_wconf 82' lang='lat' dir='ltr'>est.&#39;’</span> 
     </span>
    </p>

    <p class='ocr_par' dir='ltr' id='par_1_10' title="bbox 1377 3077 2298 3737">
     <span class='ocr_line' id='line_1_52' title="bbox 1433 3077 2297 3130; baseline 0.005 -14"><span class='ocrx_word' id='word_1_419' title='bbox 1433 3077 1446 3103; x_wconf 91' lang='lat' dir='ltr'>t</span> <span class='ocrx_word' id='word_1_420' title='bbox 1479 3077 1535 3117; x_wconf 91' lang='lat' dir='ltr'>Ut</span> <span class='ocrx_word' id='word_1_421' title='bbox 1565 3077 1755 3130; x_wconf 88' lang='lat' dir='ltr'>quoniam</span> <span class='ocrx_word' id='word_1_422' title='bbox 1790 3077 1885 3117; x_wconf 88' lang='lat' dir='ltr'>coeli</span> <span class='ocrx_word' id='word_1_423' title='bbox 1918 3085 1958 3118; x_wconf 89' lang='lat' dir='ltr'>et</span> <span class='ocrx_word' id='word_1_424' title='bbox 1992 3086 2106 3119; x_wconf 77' lang='lat' dir='ltr'>terrae</span> <span class='ocrx_word' id='word_1_425' title='bbox 2139 3078 2297 3120; x_wconf 86' lang='lat' dir='ltr'>nomine</span> 
     </span>
     <span class='ocr_line' id='line_1_53' title="bbox 1377 3131 2298 3190; baseline 0.004 -20"><span class='ocrx_word' id='word_1_426' title='bbox 1377 3144 1483 3184; x_wconf 88' lang='lat' dir='ltr'>saepe</span> <span class='ocrx_word' id='word_1_427' title='bbox 1516 3131 1556 3171; x_wconf 89' lang='lat' dir='ltr'>in</span> <span class='ocrx_word' id='word_1_428' title='bbox 1593 3131 1778 3172; x_wconf 81' lang='lat' dir='ltr'>Ecclesia</span> <span class='ocrx_word' id='word_1_429' title='bbox 1811 3133 2006 3187; x_wconf 87' lang='lat' dir='ltr'>spiritales</span> <span class='ocrx_word' id='word_1_430' title='bbox 2039 3136 2298 3190; x_wconf 79' lang='lat' dir='ltr'>carnalesque</span> 
     </span>
     <span class='ocr_line' id='line_1_54' title="bbox 1381 3186 2297 3244; baseline 0.005 -19"><span class='ocrx_word' id='word_1_431' title='bbox 1381 3186 1670 3239; x_wconf 85' lang='lat' dir='ltr'>significantur,</span> <span class='ocrx_word' id='word_1_432' title='bbox 1702 3187 1828 3228; x_wconf 88' lang='lat' dir='ltr'>coelos</span> <span class='ocrx_word' id='word_1_433' title='bbox 1861 3189 2072 3230; x_wconf 83' lang='lat' dir='ltr'>ostenderit</span> <span class='ocrx_word' id='word_1_434' title='bbox 2105 3191 2297 3244; x_wconf 81' lang='lat' dir='ltr'>pertinere</span> 
     </span>
     <span class='ocr_line' id='line_1_55' title="bbox 1379 3242 2296 3294; baseline 0.005 -14"><span class='ocrx_word' id='word_1_435' title='bbox 1379 3242 1431 3281; x_wconf 88' lang='lat' dir='ltr'>ad</span> <span class='ocrx_word' id='word_1_436' title='bbox 1464 3255 1642 3282; x_wconf 89' lang='lat' dir='ltr'>serenam</span> <span class='ocrx_word' id='word_1_437' title='bbox 1681 3242 1982 3294; x_wconf 79' lang='lat' dir='ltr'>intelligentiam</span> <span class='ocrx_word' id='word_1_438' title='bbox 2018 3244 2205 3293; x_wconf 85' lang='lat' dir='ltr'>veritatis,</span> <span class='ocrx_word' id='word_1_439' title='bbox 2235 3245 2296 3286; x_wconf 88' lang='lat' dir='ltr'>di·-</span> 
     </span>
     <span class='ocr_line' id='line_1_56' title="bbox 1381 3297 2296 3355; baseline 0.005 -19"><span class='ocrx_word' id='word_1_440' title='bbox 1381 3310 1489 3344; x_wconf 87' lang='lat' dir='ltr'>cens,</span> <span class='ocrx_word' id='word_1_441' title='bbox 1513 3302 1524 3319; x_wconf 80' lang='lat'>⁸</span> <span class='ocrx_word' id='word_1_442' title='bbox 1544 3297 1627 3345; x_wconf 87' lang='lat' dir='ltr'>Qui</span> <span class='ocrx_word' id='word_1_443' title='bbox 1659 3297 1755 3338; x_wconf 81' lang='lat' dir='ltr'>fecit</span> <span class='ocrx_word' id='word_1_444' title='bbox 1774 3298 1899 3339; x_wconf 84' lang='lat' dir='ltr'>coelos</span> <span class='ocrx_word' id='word_1_445' title='bbox 1924 3299 1964 3339; x_wconf 90' lang='lat' dir='ltr'>in</span> <span class='ocrx_word' id='word_1_446' title='bbox 1988 3299 2296 3355; x_wconf 78' lang='lat' dir='ltr'>intelligentia5’</span> 
     </span>
     <span class='ocr_line' id='line_1_57' title="bbox 1379 3351 2295 3411; baseline 0.005 -20"><span class='ocrx_word' id='word_1_447' title='bbox 1379 3359 1526 3392; x_wconf 88' lang='lat' dir='ltr'>terram</span> <span class='ocrx_word' id='word_1_448' title='bbox 1544 3366 1636 3393; x_wconf 86' lang='lat' dir='ltr'>vero</span> <span class='ocrx_word' id='word_1_449' title='bbox 1667 3351 1720 3392; x_wconf 86' lang='lat' dir='ltr'>ad</span> <span class='ocrx_word' id='word_1_450' title='bbox 1749 3352 1868 3393; x_wconf 88' lang='lat' dir='ltr'>fidem</span> <span class='ocrx_word' id='word_1_451' title='bbox 1897 3354 2118 3409; x_wconf 85' lang='lat' dir='ltr'>simplicem</span> <span class='ocrx_word' id='word_1_452' title='bbox 2149 3368 2295 3411; x_wconf 85' lang='lat' dir='ltr'>parvu-</span> 
     </span>
     <span class='ocr_line' id='line_1_58' title="bbox 1379 3407 2294 3464; baseline 0.004 -17"><span class='ocrx_word' id='word_1_453' title='bbox 1379 3407 1522 3453; x_wconf 87' lang='lat' dir='ltr'>lorum,</span> <span class='ocrx_word' id='word_1_454' title='bbox 1541 3408 1610 3448; x_wconf 87' lang='lat' dir='ltr'>sed</span> <span class='ocrx_word' id='word_1_455' title='bbox 1630 3407 1860 3462; x_wconf 87' lang='lat' dir='ltr'>prophetica</span> <span class='ocrx_word' id='word_1_456' title='bbox 1879 3417 1919 3449; x_wconf 86' lang='lat' dir='ltr'>et</span> <span class='ocrx_word' id='word_1_457' title='bbox 1936 3410 2167 3464; x_wconf 84' lang='lat' dir='ltr'>evangelica</span> <span class='ocrx_word' id='word_1_458' title='bbox 2196 3423 2294 3464; x_wconf 79' lang='lat' dir='ltr'>prae·</span> 
     </span>
     <span class='ocr_line' id='line_1_59' title="bbox 1378 3462 2294 3520; baseline 0.005 -18"><span class='ocrx_word' id='word_1_459' title='bbox 1378 3462 1575 3503; x_wconf 86' lang='lat' dir='ltr'>dicatione</span> <span class='ocrx_word' id='word_1_460' title='bbox 1609 3463 1886 3513; x_wconf 84' lang='lat' dir='ltr'>firmissimam,</span> <span class='ocrx_word' id='word_1_461' title='bbox 1920 3478 2011 3518; x_wconf 80' lang='lat' dir='ltr'>quae</span> <span class='ocrx_word' id='word_1_462' title='bbox 2045 3478 2114 3519; x_wconf 88' lang='lat' dir='ltr'>per</span> <span class='ocrx_word' id='word_1_463' title='bbox 2147 3465 2294 3520; x_wconf 88' lang='lat' dir='ltr'>baptis·</span> 
     </span>
     <span class='ocr_line' id='line_1_60' title="bbox 1378 3518 2293 3575; baseline 0.003 -18"><span class='ocrx_word' id='word_1_464' title='bbox 1378 3531 1490 3558; x_wconf 88' lang='lat' dir='ltr'>mum</span> <span class='ocrx_word' id='word_1_465' title='bbox 1509 3518 1712 3566; x_wconf 82' lang='lat' dir='ltr'>solidatur,</span> <span class='ocrx_word' id='word_1_466' title='bbox 1724 3525 1765 3559; x_wconf 79' lang='lat' dir='ltr'>et</span> <span class='ocrx_word' id='word_1_467' title='bbox 1783 3518 1871 3559; x_wconf 89' lang='lat' dir='ltr'>ideo</span> <span class='ocrx_word' id='word_1_468' title='bbox 1892 3520 2123 3575; x_wconf 87' lang='lat' dir='ltr'>subjecerit,</span> <span class='ocrx_word' id='word_1_469' title='bbox 2144 3521 2293 3568; x_wconf 82' lang='lat' dir='ltr'>dicens,</span> 
     </span>
     <span class='ocr_line' id='line_1_61' title="bbox 1380 3572 2294 3629; baseline 0.002 -17"><span class='ocrx_word' id='word_1_470' title='bbox 1380 3578 1392 3595; x_wconf 89' lang='lat'><em>‘</em></span> <span class='ocrx_word' id='word_1_471' title='bbox 1414 3572 1616 3613; x_wconf 84' lang='lat' dir='ltr'>Fundavit</span> <span class='ocrx_word' id='word_1_472' title='bbox 1631 3580 1775 3613; x_wconf 81' lang='lat' dir='ltr'>terram</span> <span class='ocrx_word' id='word_1_473' title='bbox 1792 3588 1910 3629; x_wconf 85' lang='lat' dir='ltr'>super</span> <span class='ocrx_word' id='word_1_474' title='bbox 1925 3576 2101 3628; x_wconf 88' lang='lat' dir='ltr'>aquam.’</span> <span class='ocrx_word' id='word_1_475' title='bbox 2123 3576 2231 3629; x_wconf 85' lang='lat' dir='ltr'>Aug.</span> <span class='ocrx_word' id='word_1_476' title='bbox 2243 3575 2294 3614; x_wconf 81' lang='lat' dir='ltr'>de</span> 
     </span>
     <span class='ocr_line' id='line_1_62' title="bbox 1378 3627 2293 3681; baseline -0.001 -12"><span class='ocrx_word' id='word_1_477' title='bbox 1378 3628 1486 3669; x_wconf 87' lang='lat' dir='ltr'>Gen.</span> <span class='ocrx_word' id='word_1_478' title='bbox 1505 3629 1558 3668; x_wconf 90' lang='lat' dir='ltr'>ad</span> <span class='ocrx_word' id='word_1_479' title='bbox 1582 3627 1658 3669; x_wconf 86' lang='lat' dir='ltr'>Lit.</span> <span class='ocrx_word' id='word_1_480' title='bbox 1678 3629 1706 3669; x_wconf 89' lang='lat'>1.</span> <span class='ocrx_word' id='word_1_481' title='bbox 1725 3628 1768 3668; x_wconf 86' lang='lat' dir='ltr'>ii.</span> <span class='ocrx_word' id='word_1_482' title='bbox 1796 3631 1832 3681; x_wconf 86' lang='lat'>§.</span> <span class='ocrx_word' id='word_1_483' title='bbox 1852 3631 1893 3669; x_wconf 85' lang='lat'>4.</span> <span class='ocrx_word' id='word_1_484' title='bbox 1930 3630 1982 3670; x_wconf 84' lang='lat' dir='ltr'>cf.</span> <span class='ocrx_word' id='word_1_485' title='bbox 2003 3632 2128 3671; x_wconf 86' lang='lat' dir='ltr'>Serm.</span> <span class='ocrx_word' id='word_1_486' title='bbox 2165 3632 2231 3672; x_wconf 79' lang='lat'>56.</span> <span class='ocrx_word' id='word_1_487' title='bbox 2253 3629 2293 3669; x_wconf 83' lang='lat' dir='ltr'>in</span> 
     </span>
     <span class='ocr_line' id='line_1_63' title="bbox 1378 3684 1943 3737; baseline 0.007 -14"><span class='ocrx_word' id='word_1_488' title='bbox 1378 3685 1488 3726; x_wconf 77' lang='lat' dir='ltr'>Mat.</span> <span class='ocrx_word' id='word_1_489' title='bbox 1509 3684 1550 3726; x_wconf 89' lang='grc'>6.</span> <span class='ocrx_word' id='word_1_490' title='bbox 1573 3684 1606 3735; x_wconf 85' lang='lat'>§.</span> <span class='ocrx_word' id='word_1_491' title='bbox 1629 3685 1667 3725; x_wconf 91' lang='lat'>7.</span> <span class='ocrx_word' id='word_1_492' title='bbox 1686 3690 1725 3726; x_wconf 83' lang='lat' dir='ltr'>et</span> <span class='ocrx_word' id='word_1_493' title='bbox 1753 3685 1822 3725; x_wconf 87' lang='lat'>57.</span> <span class='ocrx_word' id='word_1_494' title='bbox 1846 3685 1882 3737; x_wconf 82' lang='lat'>§.</span> <span class='ocrx_word' id='word_1_495' title='bbox 1903 3687 1943 3727; x_wconf 88' lang='grc'>6.</span> 
     </span>
    </p>
   </div>
  </div>
 </body>
</html>
