2378 4134
509 263 1112 322 CONFESSIONUM
1153 263 1391 319 LIBER
1431 266 1540 318 III.
1888 265 1956 320 33

100 415 262 471 opera
298 408 407 464 tua,
435 417 545 451 non
582 407 658 462 tu,
696 416 796 451 nec
834 398 956 468 ipsa
990 398 1177 468 prima.
1254 397 1439 450 Priora
1476 397 1620 449 enim
1658 399 1958 468 spiritualia

99 506 262 557 opera
301 494 410 550 tua,
448 504 609 556 quam
646 486 752 538 ista
795 503 1067 555 corporea,
1098 484 1345 555 quamvis
1382 484 1567 537 lucida
1604 491 1658 536 et
1697 486 1952 538 coelestia.

97 575 170 625 At
205 591 304 640 ego
340 590 439 624 nec
478 571 655 640 priora
691 571 801 636 illa,
833 571 927 623 sed
965 570 1211 639 teipsam,
1241 577 1312 634 te,
1346 570 1576 634 VeritaS,
1604 570 1661 621 in
1702 590 1810 640 qua
1846 590 1951 623 non
1970 583 2060 625 Jac.
2083 586 2122 631 1,

95 667 175 712 est
234 661 582 712 commutatio
642 677 739 711 vec
799 660 1057 710 momenti
1122 656 1474 720 obaeembratz'O,
1539 658 1839 710 esuriebam
1902 665 1956 710 et
1977 639 2038 680 ¹⁷·

96 746 339 798 sitiebam
367 765 381 807 ;
444 752 498 796 et
552 745 961 814 apponebantur
1021 742 1197 795 adhuc
1256 742 1391 794 mihi
1452 743 1509 794 in
1570 742 1678 795 illis
1738 743 1954 795 ferculis

93 832 468 901 phantasmata
505 829 804 898 splendida,
832 829 1029 898 quibus
1057 828 1172 898 jam
1210 828 1403 880 melius
1436 835 1548 879 erat
1581 846 1758 880 amare
1788 828 1953 879 istum

93 918 277 980 solem,
327 917 516 968 saltem
566 915 684 967 istis
745 914 916 967 oculis
975 932 1176 977 verum,
1229 931 1390 983 quam
1439 913 1534 966 illa
1581 913 1715 966 falsa
1773 914 1952 966 animo

93 1004 318 1073 decepto
360 1021 456 1072 per
499 1003 700 1055 oculos,
775 1003 852 1053 Et
893 1009 1091 1067 tamen,
1135 1001 1263 1071 quia
1304 1008 1355 1053 te
1404 1003 1680 1070 putabam,
1725 1001 1950 1054 mandu-

92 1090 311 1151 cabam3
364 1106 474 1139 non
513 1083 695 1139 avide‘¹
735 1086 970 1156 quidem,
1011 1086 1139 1156 quia
1173 1105 1272 1139 nec
1308 1086 1556 1155 sapiebas
1599 1086 1658 1137 in
1697 1104 1786 1138 ore
1828 1105 1950 1139 meo

92 1173 248 1227 sicuti
292 1192 382 1237 es3
443 1191 619 1242 neque
671 1172 814 1224 enim
859 1179 917 1224 tu
960 1191 1076 1224 eras
1120 1172 1378 1239 figmenta
1419 1172 1512 1223 illa
1564 1172 1783 1235 inania3
1846 1191 1947 1224 nec

88 1259 359 1311 nutriebar
384 1259 480 1322 eiS‚
508 1258 602 1309 sed
627 1257 983 1309 exhauriebar
1006 1258 1193 1325 magis
1272 1257 1442 1309 Cibus
1466 1257 1522 1308 in
1550 1258 1751 1309 somnis
1779 1257 1944 1309 simil-

87 1345 247 1396 limus
273 1352 352 1396 est
371 1344 506 1395 cibis
521 1342 875 1410 vigilantium,
894 1360 1000 1411 quo
1021 1349 1198 1393 tamen
1220 1341 1541 1394 dormientes
1565 1361 1676 1394 non
1703 1344 1944 1406 aluntur3

88 1429 356 1480 dormiunt
381 1428 551 1480 enim:
593 1436 648 1479 at
669 1427 765 1478 illa
789 1444 888 1478 nec
915 1426 1110 1478 similia
1147 1434 1295 1478 erant
1328 1427 1439 1477 ullo
1472 1426 1634 1478 modo
1661 1427 1778 1490 tibi,
1806 1427 1947 1480 sicut

86 1532 230 1565 nunc
266 1513 399 1564 mihi
433 1514 614 1564 locuta
646 1529 729 1572 es3
770 1510 897 1579 quia
920 1510 1013 1562 illa
1039 1518 1189 1562 erant
1215 1512 1513 1580 corporalia
1549 1513 1943 1580 phantasmata,

85 1600 218 1651 falsa
237 1616 474 1667 corpora,
496 1597 692 1666 quibus
719 1596 942 1648 certiora
969 1603 1092 1647 sunt
1116 1614 1241 1648 vera
1266 1615 1490 1666 corpora
1514 1598 1619 1650 ista
1646 1617 1767 1668 quae
1793 1599 1940 1650 vide-

84 1702 202 1736 mus
228 1684 347 1735 visu
372 1700 580 1746 carneO,
608 1682 717 1734 sive
744 1681 984 1734 coelestia
1010 1681 1120 1733 sive
1147 1683 1438 1735 terrestria:
1482 1702 1604 1735 cum
1636 1684 1940 1752 pecudibus

84 1777 136 1821 et
164 1769 469 1820 volatilibus
504 1767 745 1818 videmus
780 1767 925 1829 haec;
966 1775 1018 1818 et
1043 1766 1266 1819 certiora
1291 1775 1431 1832 sunt,
1453 1787 1614 1837 quam
1650 1787 1772 1820 cum
1805 1769 1936 1822 ima—

85 1855 326 1921 ginamur
351 1872 427 1904 ea.
504 1854 578 1903 Et
602 1870 780 1903 rursus
814 1852 1009 1905 certius
1042 1852 1397 1919 imaginamur
1435 1873 1515 1917 ea,
1552 1873 1714 1923 quam
1754 1874 1824 1907 ex
1860 1856 1937 1907 eis

84 1938 415 2007 suspicamur
439 1938 543 1989 alia
570 1937 867 2003 grandiora,
894 1944 948 1988 et
971 1937 1199 2001 infinita,
1228 1957 1347 2007 quae
1376 1939 1592 1990 omnino
1619 1941 1767 1991 nulla
1796 1950 1937 2004 sunt,

84 2024 331 2092 qualibus
358 2041 458 2090 ego
485 2029 610 2074 tunc
635 2023 895 2090 pascebar
914 2022 1191 2086 inanibus3
1232 2030 1286 2074 et
1303 2041 1411 2074 non
1431 2026 1705 2092 pascebar.
1771 2027 1842 2077 At
1860 2034 1937 2090 tn,

81 2127 228 2160 amor
252 2126 418 2170 meUS,
444 2107 500 2158 in
528 2125 687 2176 quem
715 2106 909 2159 deficio
934 2116 994 2158 ut
1016 2107 1165 2159 fortis
1199 2109 1318 2172 sim,
1345 2127 1446 2160 nec
1480 2110 1584 2160 ista
1618 2127 1842 2178 corpora
1878 2129 1936 2162 es

82 2210 200 2262 quae
234 2193 492 2255 videmus,
529 2211 837 2261 quanquam
862 2192 921 2242 in
948 2193 1117 2256 coe103
1156 2211 1255 2245 nec
1296 2212 1359 2245 ea
1393 2213 1450 2245 es
1492 2213 1613 2263 quae
1646 2213 1755 2246 non
1786 2195 1933 2247 vide-

78 2296 197 2329 mus
221 2278 316 2342 ibi,
344 2277 470 2347 quia
495 2286 551 2329 tu
577 2277 681 2328 ista
714 2276 1021 2339 condidisti,
1046 2295 1145 2329 nec
1180 2278 1238 2328 in
1274 2277 1494 2330 summis
1528 2279 1635 2330 tuis
1669 2280 1933 2331 conditio-

78 2365 237 2415 nibus
269 2362 488 2415 habes*.
565 2364 778 2422 Quanto
815 2380 940 2428 ergo
972 2363 1132 2428 longe
1167 2381 1224 2414 es
1258 2382 1289 2414 a
1317 2364 1784 2431 phantasmatibus
1824 2366 1933 2417 illis

78 2448 228 2511 meis,
246 2447 708 2515 phantasmatibus
735 2464 1015 2515 corporum
1033 2465 1152 2515 quae
1174 2449 1391 2499 omnino
1411 2467 1520 2500 non
1538 2448 1691 2501 sunt!
1735 2452 1933 2519 quibus

79 2533 327 2583 certiores
360 2541 483 2582 sunt
517 2531 816 2599 phantasiae
853 2549 1133 2599 corporum
1169 2551 1349 2584 eorum
1390 2553 1510 2603 quae
1551 2543 1708 2597 sunt3
1768 2544 1821 2587 et
1855 2537 1933 2588 eis

79 2616 302 2668 certiora
336 2634 574 2684 corpora,
603 2634 722 2684 quae
749 2622 926 2666 tamen
961 2634 1070 2666 non
1097 2635 1182 2668 es:
1231 2618 1326 2669 sed
1357 2637 1456 2670 nec
1494 2620 1673 2671 anima
1706 2639 1781 2683 es,
1809 2640 1930 2690 quae

77 2701 186 2754 vita
205 2708 285 2752 est
304 2718 598 2768 corporum.
663 2699 796 2752 Ideo
816 2700 1001 2751 melior
1022 2701 1128 2753 vita
1147 2720 1427 2771 corporum
1450 2705 1745 2774 certiorque
1767 2725 1928 2775 quam

77 2804 311 2855 corpora.
379 2786 485 2838 Sed
506 2794 563 2837 tu
581 2786 691 2838 vita
717 2804 774 2837 es
801 2786 1112 2851 animarum,
1132 2788 1243 2840 vita
1260 2790 1503 2853 vitarum,
1523 2791 1708 2843 vivens
1724 2800 1775 2843 te
1792 2793 1928 2862 ipsa,

75 2879 129 2923 ct
152 2890 259 2923 non
284 2872 519 2937 mutariS,
545 2872 653 2924 vita
679 2872 871 2924 animae
897 2891 1045 2924 ineae.

73 2981 199 3025 dibus.
220 2983 336 3021 reddi.
395 2984 506 3030 Quas
523 2983 653 3023 itidem
675 2996 794 3023 naves
810 2984 858 3023 de
878 2984 970 3023 sub-

73 3035 211 3074 stantia
230 3036 305 3075 Dei
334 3050 431 3090 pura
460 3037 664 3090 perhibent
693 3037 973 3077 fabricatas.—

76 3088 209 3129 Naves
226 3096 353 3129 autem
375 3091 475 3134 illas,
496 3091 536 3130 id
555 3098 624 3138 est,
645 3092 722 3131 duo
741 3092 834 3131 coeli
853 3092 969 3131 lumi·

74 3142 180 3181 naria
208 3143 260 3182 ita
297 3144 549 3197 distinguunt.
587 3152 630 3184 ut
662 3145 796 3184 lunam
840 3145 972 3185 dicant

74 3193 215 3234 factam
233 3209 282 3235 ex
302 3198 405 3237 bona
422 3211 539 3251 aqua,
563 3199 682 3238 solem
703 3213 792 3238 vero
810 3213 859 3239 ex
880 3199 969 3251 igne

72 3248 190 3287 bono.
202 3249 390 3290 c.Haeres.
425 3252 580 3305 Repleri
591 3253 726 3292 lunam
739 3254 887 3300 dicunt,
896 3253 969 3293 sic-

74 3308 117 3340 ut
142 3302 311 3355 repletur
334 3305 457 3353 navis,
476 3320 523 3346 ex
554 3307 717 3359 fugitiva
738 3308 817 3347 Dei
846 3314 967 3360 parte.

71 3367 188 3407 quam
206 3356 455 3397 commixtam
470 3360 708 3413 principibus
720 3362 966 3400 tenebrarum

70 3416 110 3447 et
127 3422 260 3448 eorum
285 3411 460 3451 sordibus
486 3412 727 3466 inquinatam
755 3416 967 3454 credere—

70 3475 150 3501 non
169 3463 359 3502 dubitant.
410 3465 512 3505 Hinc
535 3480 625 3519 ergo
644 3468 795 3521 impleri
814 3470 964 3514 lunam,

69 3529 159 3555 cum
177 3517 310 3555 eadem
332 3530 422 3571 pars
437 3519 515 3558 Dei
534 3521 683 3573 magnis
695 3522 896 3562 laboribus
913 3524 964 3562 ab

68 3569 360 3623 inquinamento
380 3579 557 3624 purgata,
574 3574 623 3613 de
637 3581 715 3615 toto
741 3577 887 3615 mundo
907 3583 964 3615 at-

68 3637 144 3676 que
163 3625 342 3664 omnibus
359 3626 503 3665 cloacis
522 3626 670 3680 fugiens
687 3629 859 3670 redditur
875 3631 963 3670 Deo

66 3676 214 3730 lugenti
229 3679 323 3717 dum
341 3680 471 3719 redeat
486 3696 494 3718 :
517 3680 655 3734 repleri
670 3695 760 3722 vero
774 3697 843 3735 per
855 3697 963 3723 men-

67 3744 146 3770 sem
174 3732 392 3781 dimidium,
421 3741 459 3773 et
485 3734 562 3773 alio
590 3734 747 3775 dimidio
774 3737 815 3776 in
842 3738 962 3777 solem

1027 2983 1193 3029 refundi,
1213 2985 1379 3024 velutin
1409 2986 1526 3025 aliam
1558 2999 1712 3026 navem.
1760 2989 1837 3041 Ep.
1858 2991 1926 3028 55.

1027 3051 1063 3076 c.
1084 3040 1119 3076 4.
1152 3039 1204 3078 cf.
1232 3039 1346 3079 etiam
1377 3040 1508 3079 locum
1537 3054 1586 3080 ex
1613 3043 1713 3095 Aug.
1734 3056 1770 3082 c.
1795 3044 1926 3084 Faust.

1025 3092 1188 3131 allatum
1209 3107 1246 3147 p.
1273 3095 1339 3138 32,
1359 3103 1438 3132 not.
1461 3094 1500 3133 d.

1082 3146 1103 3176 ‘¹
1132 3147 1360 3200 Superstitio
1390 3149 1570 3200 quaedam
1598 3149 1754 3202 puerilis
1783 3163 1845 3189 me
1876 3151 1927 3189 ab

1024 3200 1107 3253 ipsa
1130 3201 1256 3253 (veri)
1280 3201 1522 3255 inquisitione
1540 3204 1773 3250 deterrebat,
1793 3211 1831 3242 et
1859 3205 1926 3242 ubi

1025 3254 1150 3294 factus
1184 3257 1346 3294 erectior
1381 3255 1489 3294 illam
1526 3257 1730 3308 caliginem
1768 3257 1924 3310 dispuli.

1023 3308 1195 3361 mihique
1215 3310 1385 3362 persuasi
1411 3311 1643 3349 docentibus
1663 3311 1790 3363 potius
1806 3325 1924 3363 quam

1019 3362 1251 3412 jubentibus
1296 3377 1376 3402 esse
1421 3365 1673 3408 credendum,
1719 3365 1839 3403 incidi
1886 3366 1923 3404 in

1022 3416 1196 3455 homines
1222 3417 1364 3468 quibus
1393 3417 1462 3455 lux
1490 3417 1561 3455 ista
1589 3431 1678 3470 quae
1698 3418 1822 3456 oculis
1841 3432 1923 3457 cer-

1021 3469 1124 3508 nitur
1141 3469 1239 3509 inter
1256 3483 1408 3509 summa
1426 3478 1465 3509 et
1484 3471 1616 3510 divina
1636 3471 1801 3510 colenda
1817 3472 1921 3512 vide-

1020 3530 1138 3562 retur.
1186 3524 1277 3562 Non
1297 3523 1545 3570 assentiebar,
1564 3525 1630 3563 sed
1651 3526 1838 3577 putabam
1858 3540 1924 3566 eos

1019 3589 1204 3629 magnum
1242 3577 1389 3628 aliquid
1426 3585 1552 3629 tegere
1591 3578 1667 3618 illis
1698 3578 1921 3626 involucris,

1017 3631 1123 3683 quod
1150 3640 1276 3670 essent
1294 3630 1507 3683 aliquando
1526 3632 1710 3684 aperturi.
1758 3634 1859 3687 Aug.
1882 3635 1921 3674 iu

1019 3684 1237 3737 proeloquio
1252 3684 1340 3722 libri
1359 3686 1406 3723 ‹le
1429 3685 1521 3724 Vita
1542 3686 1668 3725 beata.

984 3822 1019 3857 D
