2378 4134
845 188 1098 242 INDEX
1135 187 1517 241 cAPm‘UM.

259 325 406 369 XVII.
432 327 538 375 Qua
555 324 754 367 retardent
768 336 796 365 a
811 321 1036 378 cognitione
1052 321 1156 417 div}-

260 393 576 476 xxii‘fflsotu.
595 432 778 475 Christ..
802 430 867 471 via
895 431 947 472 ad
976 391 1160 526 ωιιιιῗῖιιιὲ

258 541 380 603 xrx.
409 536 519 590 Quid·
533 515 696 583 ..riserit
719 541 770 582 de
798 539 946 581 christi
976 539 1160 580 incarna-

259 603 444 690 xiif'nii'x
466 649 681 691 Platonicis
697 648 808 690 libris
821 649 994 704 petitior,
1011 595 1161 688 staltis.)

312 704 439 744 flatior
456 711 648 746 evaserat.
1082 704 1156 743 121

258 758 380 799 XXI.
409 759 514 808 Quid
550 759 591 798 in
628 759 749 799 sacris
787 758 919 798 Libris
952 756 1159 802 invenerit,

312 826 392 853 non
411 813 614 854 inventum
633 812 675 854 in
696 812 929 854 Platonicis.
1080 813 1158 852 122

451 921 633 963 LIBER
670 921 962 964 OCTAVUS.

259 1005 295 1045 I.
332 1005 471 1045 Studio
507 1005 597 1045 vitae
636 1003 779 1045 melius
821 1002 1075 1044 instituendae
1108 1003 1160 1043 ad

312 1059 611 1114 Simplicianum
632 1059 686 1098 ire
703 1058 852 1098 statuit.
1079 1058 1158 1097 125

257 1114 318 1154 11.
350 1115 412 1153 De
436 1113 636 1154 Victorino
654 1113 807 1154 rhetore
826 1125 1026 1152 converso.
1082 1112 1158 1151 126

257 1169 344 1209 111.
380 1169 499 1216 Quod
525 1169 639 1208 Deus
665 1173 705 1207 et
731 1166 878 1220 Angeli
904 1165 1031 1217 magis
1060 1179 1159 1218 gau-

313 1223 407 1264 dent
426 1223 466 1262 in
485 1229 735 1277 peccatorum
755 1221 1019 1261 conversione.
1079 1222 1157 1261 129

259 1277 337 1317 IV.
368 1279 504 1325 Quare
533 1277 622 1331 plus
656 1274 871 1315 laetandum
907 1276 956 1315 sit
987 1274 1028 1314 in
1063 1287 1159 1314 con-

311 1332 489 1372 versione
507 1330 715 1370 nobilium.
1082 1330 1153 1369 131

260 1386 314 1427 V.
345 1388 446 1433 Quae
482 1385 780 1426 remorabantur
815 1396 907 1424 eum
940 1396 965 1423 a
1000 1396 1161 1476 convecrl·

312 1441 432 1480 sione.
1105 1440 1118 1476 ἱ
1151 1468 1160 1478 .

260 1495 339 1535 VI.
381 1492 631 1534 Pontitianus
658 1500 791 1533 narrat
822 1491 987 1532 Antonii
1021 1491 1162 1584 νίῑῗῐέἑ

261 1603 363 1642 VII.
396 1603 629 1643 Rodebatur
648 1600 753 1642 intus
773 1600 907 1641 andito
926 1600 1164 1694 Pontitizltntg

259 1711 385 1751 VIII.
431 1712 481 1750 In
531 1710 686 1750 hortum
736 1709 884 1750 secedit
899 1726 911 1760 ;
962 1708 1058 1762 quid
1107 1709 1164 1748 ibi

314 1765 449 1819 egerit.
1081 1765 1157 1803 137

259 1821 338 1860 IX.
369 1820 486 1859 Unde
510 1819 554 1859 fit
580 1826 626 1859 ut
651 1818 805 1859 animus
836 1818 1000 1873 imperet
1015 1818 1102 1862 sibi,
1124 1824 1163 1856 et

312 1875 526 1914 resistatur.
1084 1874 1097 1910 1
1106 1873 1158 1911 38

260 1930 314 1969 X.
343 1930 541 1968 Adversus
561 1927 811 1967 Manichaeos
836 1928 903 1978 qui
927 1939 977 1966 ex
1007 1925 1163 1965 duabus

312 1983 515 2023 contrariis
537 1982 805 2022 voluntatibus
828 1982 927 2021 duas
946 1980 1162 2021 contrarias

312 2045 471 2078 naturas
488 2043 725 2077 asseverant.
1085 2036 1158 2074 139

261 2092 338 2132 XI.
376 2093 503 2132 Lucta
531 2090 686 2145 spiritus
712 2096 752 2130 et
779 2089 908 2130 carnis
934 2090 975 2129 in
1002 2088 1162 2182 Αυςιὲει-

311 2146 406 2185 tino.
1079 2146 1092 2182 1

259 2202 362 2240 XII.
405 2199 526 2240 Vocis
566 2198 770 2238 admonitu
816 2198 1011 2251 quomodo
1059 2205 1162 2237 totus

311 2267 535 2295 conversus.
1083 2253 1160 2292 142

487 2362 671 2402 LIBER.
707 2360 927 2401 NONUS.

259 2445 296 2483 1.
337 2443 495 2483 Laudat
540 2442 619 2482 Dei
666 2441 899 2486 bonitatem,
948 2450 1161 2493 agnoscens

311 2511 423 2537 suam
443 2497 654 2537 miseriam.
1082 2494 1157 2531 145

259 2552 321 2591 II.
353 2553 543 2592 Deserere
559 2551 770 2590 rhetorices
789 2549 1063 2603 professionem
1086 2547 1160 2586 dif-

313 2607 385 2646 fert
402 2619 526 2658 usque
544 2607 594 2644 ad
614 2604 868 2644 vindemiales
886 2603 1016 2643 ferias.
1082 2602 1158 2640 146

257 2660 346 2700 111.
377 2661 635 2700 Verecundus
662 2658 842 2699 concedit
863 2658 920 2697 illi
947 2671 1012 2697 rus
1029 2668 1160 2748 suiltani

259 2768 338 2808 IV.
378 2767 486 2807 Libri
533 2768 638 2821 apud
690 2766 960 2807 Cassiciacum
1012 2763 1161 2826 scripti.

315 2823 500 2875 Epistolae
518 2825 567 2862 ad
589 2822 834 2862 Nebridium.
874 2820 1031 2868 Quibus
1047 2819 1159 2858 coell-

313 2883 377 2916 tus
409 2876 587 2930 perfusus
621 2876 768 2930 gratiis,
802 2882 842 2915 et
873 2887 991 2927 quam
1030 2872 1158 2934 vivido

312 2931 468 2984 pietatis
498 2945 629 2976 sensu.
664 2932 759 2971 dum
792 2930 971 2969 Psalmos
1002 2927 1161 2988 evolvit.

313 2986 519 3025 Acerrimo
542 2986 676 3026 dolore
701 2985 876 3025 dentium
905 2982 1033 3023 subito
1062 2981 1160 3021 hbe-

310 3047 429 3078 ratur.
1083 3036 1160 3075 149

260 3094 312 3133 V.
349 3093 600 3133 Ambrosium
619 3092 786 3134 consulit
812 3092 906 3145 quid
933 3092 1161 3184 legendtli5m3.

260 3201 338 3241 VI.
366 3201 586 3242 Mediolani
621 3201 844 3255 baptizatur
878 3213 968 3241 cum
1009 3199 1157 3251 Alypio

311 3262 351 3294 ct
371 3255 590 3296 Adeodato.
1079 3253 1155 3292 154

260 3310 360 3349 VII.
391 3310 653 3350 Ecclesiastici
680 3315 817 3349 cantus
845 3306 1032 3347 institutio
1064 3307 1158 3345 Me-

310 3363 476 3403 diolani.
510 3364 691 3404 Iuventio
707 3374 913 3417 corporum
950 3360 1028 3401 SS.
1057 3362 1157 3399 Pro-

313 3417 401 3457 tasii
419 3426 458 3456 et
477 3418 669 3458 Gervasii.
1068 3415 1159 3475 ‘155

262 3471 390 3510 VIII.
421 3471 562 3511 Evodii
588 3470 798 3511 conversio.
835 3468 986 3531 ‘Matris
1013 3468 1159 3511 obitus.

261 3526 870 3622 ῙΧῗδυῐῗὲζῧέδξΐὲΕἙιῗέἓζῗιῑέ
876 3555 1006 3618 inores
1024 3523 1157 3631 puisi?

312 3631 458 3686 quitur.
1081 3630 1158 3670 159

2009 194 2114 249 808

1213 323 1270 365 X.
1283 321 1539 379 colloquium
1553 337 1645 366 cum
1657 330 1786 368 matre
1794 326 1847 371 de
1857 341 1981 384 regno
1990 329 2117 372 coelo-

1267 390 1370 419 rum.
2037 385 2118 425 160

1214 432 1292 472 XI.
1322 432 1388 472 De
1403 432 1548 474 ecstasi
1564 440 1605 475 et
1621 440 1744 476 morte
1762 435 1911 477 matris.
2038 439 2116 480 162

1215 486 1320 527 ΧΠ.
1348 487 1560 534 Quomodo
1594 489 1739 530 luxerit
1770 498 1935 532 mortem
1970 493 2118 535 matris.

1270 540 1517 581 Sacrificium
1535 555 1608 596 pro
1625 542 1834 586 defunctis.
2036 548 2116 589 163

1215 595 1344 636 XIII.
1373 595 1476 636 Orat
1492 609 1565 651 pro
1582 604 1706 640 matre
1724 598 1925 641 defuncta.
2037 602 2118 642 166

1410 723 1594 765 LIBER
1633 725 1923 768 DECIMUS.

1217 810 1254 850 1.
1285 811 1335 850 In
1352 810 1444 851 Deo
1462 810 1546 851 solo
1559 826 1648 867 spes
1666 819 1708 853 et
1724 813 1928 867 gaudium.
2039 815 2117 855 168

1215 865 1278 906 11.
1308 865 1414 905 Cum
1435 866 1524 906 Deo
1542 875 1635 907 nota
1663 866 1741 908 sint
1762 881 1924 916 arcana,
1942 867 2039 923 quid
2059 876 2119 908 est

1268 919 1446 959 confiteri
1464 919 1535 959 illi.
2040 924 2116 963 168

1212 974 1301 1014 111.
1342 975 1436 1022 Quo
1474 973 1603 1015 fructu
1649 975 1896 1017 confitebitur
1931 976 2118 1031 deinceps

1267 1027 1354 1081 quis
1371 1027 1435 1073 sit,
1454 1041 1534 1068 non
1553 1030 1643 1083 quis
1660 1030 1788 1071 fuerit.
2040 1033 2117 1072 169

1213 1082 1294 1122 IV.
1324 1082 1443 1130 Quod
1474 1084 1608 1136 magni
1643 1085 1722 1126 sint
1753 1085 1901 1126 fructus
1936 1084 2120 1139 hujusce-

1267 1137 1373 1176 modi
1392 1137 1654 1180 confessionis.
2040 1143 2118 1182 170

1211 1191 1266 1230 V.
1300 1190 1428 1229 Homo
1445 1205 1528 1232 sese
1546 1200 1671 1233 totum
1692 1207 1772 1234 non
1792 1194 1913 1235 novit.
2039 1196 2114 1236 171

1214 1245 1293 1285 VI.
1323 1245 1431 1292 Quid
1463 1254 1584 1292 amat,
1613 1261 1704 1288 cum
1739 1249 1874 1288 Deum
1904 1255 2040 1299 amat;
2077 1257 2119 1290 et

1266 1300 1462 1351 quomodo
1489 1313 1537 1340 ex
1566 1304 1753 1343 creaturis
1778 1303 1890 1344 Deus
1916 1304 2115 1358 cognosci-

1266 1360 1344 1393 tur.
2064 1360 2119 1399 id.

1215 1408 1319 1449 VII.
1350 1407 1551 1461 Corporea
1564 1416 1634 1449 aut
1650 1410 1836 1452 sensitiva
1848 1412 1990 1453 virtute
2005 1413 2118 1453 Deus

1267 1475 1346 1500 non
1365 1462 1574 1502 invenitur.
2039 1469 2118 1507 173

1217 1516 1342 1555 VIII.
1372 1517 1577 1556 Memoriae
1596 1518 1668 1558 vis.
2060 1523 2116 1562 id.

1213 1570 1293 1609 IX.
1322 1571 1519 1610 Memoria
1537 1572 1846 1626 disciplinarum.
2040 1576 2117 1616 175

1215 1625 1269 1664 Χ.
1300 1624 1534 1678 Disciplinae
1562 1626 1602 1665 in
1628 1627 1856 1667 memoriam
1886 1641 1964 1667 non
1997 1629 2118 1670 intro-

1268 1682 1468 1718 ducuntur
1486 1692 1556 1733 per
1577 1693 1725 1730 sensus,
1744 1683 1813 1721 sed
1832 1695 1880 1722 ex
1901 1682 1985 1736 ejus
2006 1684 2117 1723 abdi-

1266 1732 1361 1772 tiore
1381 1733 1470 1772 sinu
1489 1742 1693 1776 eruuntur.
2061 1741 2116 1778 id.

1215 1787 1293 1825 XI.
1325 1787 1432 1834 Quid
1452 1789 1502 1827 sit
1518 1787 1679 1828 discere.
2038 1793 2119 1832 176

1213 1841 1317 1880 XII.
1347 1841 1498 1882 Rerum
1521 1843 1896 1884 Mathematicarum
1915 1847 2118 1941 memolrilal.

1213 1950 1341 1989 XIII.
1371 1950 1567 1991 Memoria
1595 1951 1816 1993 meminisse
1845 1966 1915 1993 nos
1941 1955 2119 1994 memini-

1267 2017 1368 2043 mus.
2062 2025 2075 2048 t
2107 2041 2118 2050 .

1215 2058 1336 2098 XIV.
1368 2060 1577 2106 Quomodo
1596 2060 1783 2100 memoria
1802 2062 1976 2101 continet
2000 2013 2118 2104 affe‘g·

1267 2119 1330 2151 tus
1361 2113 1495 2153 animi.
1549 2115 1659 2154 Laeta
1692 2128 1771 2155 non
1807 2116 1888 2155 laeti
1921 2119 2118 2169 quomodo

1267 2166 1532 2207 recordamur.
2063 2175 2120 2212 id.

1214 2219 1310 2261 XV.
1334 2222 1464 2261 Etiam
1482 2236 1570 2274 quae
1589 2223 1732 2262 absunt
1746 2222 2006 2264 meminimus.
2044 2227 2120 2266 178

1215 2276 1335 2314 XVI.
1367 2277 1417 2315 Et
1435 2276 1642 2316 oblivionis
1661 2277 1848 2316 memoria
1868 2285 1941 2318 est.
2045 2282 2120 2320 179

1214 2330 1362 2368 XVII.
1395 2331 1550 2382 Magna
1580 2330 1778 2370 memoriae
1813 2332 1882 2379 vis,
1915 2333 1982 2372 sed
2016 2335 2120 2374 ultra

1267 2383 1591 2436 progrediendum
1610 2393 1652 2424 ut
1666 2385 1876 2438 attingatur
1894 2387 2017 2427 Deus.
2044 2390 2120 2429 180

1214 2438 1382 2476 XVIII.
1414 2439 1508 2478 Non
1533 2438 1773 2479 inveniretur
1793 2452 1841 2478 ea
1860 2452 1919 2480 res
1936 2454 2027 2494 quae
2049 2457 2118 2482 ex-

1267 2490 1372 2538 cidit,
1393 2492 1466 2531 nisi
1481 2493 1670 2532 memoria
1687 2500 1894 2533 teneretur.
2040 2498 2113 2536 181

1214 2545 1336 2585 XIX.
1367 2546 1476 2593 Quid
1495 2547 1546 2586 sit
1562 2547 1773 2587 reminisci.
2063 2554 2119 2593 id.

1215 2600 1307 2638 XX.
1343 2601 1399 2639 Ut
1426 2602 1707 2641 beatitudinem
1742 2615 1876 2641 omnes
1911 2610 2116 2656 appetant,

1269 2660 1418 2706 oportet
1438 2668 1525 2694 eam
1548 2656 1739 2695 noverint.
2040 2662 2116 2699 182

1214 2708 1332 2747 XXI.
1366 2709 1576 2756 Quomodo
1603 2709 1791 2750 memoria
1819 2711 1976 2751 beatam
1996 2713 2115 2753 vitam

1267 2763 1452 2802 continet.
2039 2770 2115 2808 183

1213 2817 1358 2856 XXII.
1389 2818 1515 2856 Beata
1531 2817 1609 2857 vita
1629 2831 1733 2870 quae.
1755 2826 1797 2858 et
1815 2819 1898 2858 ubi.
2038 2824 2116 2862 184·

1214 2871 1386 2910 XXIII.
1414 2873 1517 2911 Item
1536 2873 1782 2927 prosequitur
1810 2887 1899 2927 quae
1925 2874 1972 2914 sit
1999 2876 2117 2917 beata

1266 2927 1364 2974 vita,
1382 2935 1422 2965 et
1441 2926 1522 2966 ubi.
2062 2934 2117 2972 id.

1214 2979 1375 3019 XXIV.
1403 2981 1637 3020 Gratulatur
1655 2983 1759 3034 quod
1778 2996 1850 3024 sua
1869 2983 1908 3023 in
1927 2986 2116 3026 memoria

1269 3034 1383 3073 Deus
1400 3035 1531 3075 locum
1552 3034 1712 3074 habeat.
2039 3042 2114 3080 185

1213 3088 1351 3127 XXV.
1382 3090 1431 3128 In
1452 3102 1529 3142 quo
1546 3089 1743 3129 memoriae
1762 3090 1888 3143 gradu
1903 3092 2116 3146 reperiatur

1267 3142 1395 3182 Deus.
2034 3150 2112 3187 185

1212 3195 1374 3235 XXVI.
1406 3195 1488 3236 Ubi
1504 3195 1701 3236 invenitur
1720 3198 1849 3238 Deus.
2034 3204 2113 3242 186

1211 3250 1397 3288 XXVII.
1427 3251 1636 3297 Quomodo
1661 3251 1858 3293 hominem
1885 3254 2011 3308 rapiat
2031 3257 2112 3297 Dei

1264 3303 1530 3355 pulchritudo.
2057 3314 2112 3352 id.

1212 3358 1425 3396 XXVIII.
1454 3357 1628 3398 Miseriae
1647 3358 1766 3412 hujus
1786 3361 1891 3402 vitae.
2057 3367 2111 3406 id.

1211 3411 1374 3451 XXIX.
1404 3412 1454 3450 In
1472 3412 1562 3452 Deo
1578 3425 1665 3467 spes
1683 3419 1778 3454 tota.
2034 3420 2112 3461 187

1215 3466 1353 3505 XXX.
1382 3465 1600 3506 Confitetur
1628 3474 1671 3506 ut
1694 3481 1734 3507 se
1764 3468 1883 3511 habet
1911 3472 1961 3512 ad
1987 3478 2111 3514 tenta-

1214 3574 1376 3615 XXXI.
1407 3575 1466 3615 Ut
1483 3587 1525 3617 se
1544 3575 1642 3629 gerit
1662 3577 1713 3617 ad
1741 3578 1971 3622 tentationes
1991 3532 2113 3635 gusssj

2034 3640 2113 3680 189
