2378 4134
573 227 1179 282 CONFESSIONUM
1217 226 1460 280 LIBER
1496 227 1566 278 X.
1864 229 1969 278 185

119 369 199 415 est
231 360 288 412 in
324 357 665 422 hominibus;
704 359 998 424 ambulent,
1019 357 1316 423 ambulent,
1342 372 1410 410 ne
1446 375 1532 410 eos
1570 356 1798 410 tenebrae
1831 361 2170 411 omn-Joh.12,

107 445 467 515 prehendant.
1986 419 2055 459 ³⁵⁰

189 531 275 582 34.
315 530 425 582 Cur
443 536 621 581 autem
638 530 670 556 “
688 529 881 582 veritas
905 527 1047 598 parit
1066 527 1320 592 odium'*‚”
1340 535 1395 580 et
1417 525 1672 578 inimicus
1698 525 1776 578 eis
1801 524 1975 578 factus

120 626 200 671 est
221 617 381 669 homo
409 623 531 668 tuus
558 634 740 668 verum
764 616 1085 685 praedicans,
1112 634 1236 670 cum
1271 621 1478 668 ametur
1511 614 1673 665 beata
1696 611 1826 677 vita,
1853 630 1974 681 quae
1989 627 2086 669 Joh.
2106 629 2148 677 8,

119 721 227 756 non
251 711 332 754 est
354 702 461 753 nisi
490 700 746 768 gaudium
772 700 839 753 de
858 701 1110 755 veritate:
1148 700 1257 752 nisi
1278 700 1407 770 quia
1432 699 1510 751 sic
1538 704 1746 750 amatur
1763 696 1976 762 veritas,
1989 685 2059 725 40.

119 794 179 841 ut
203 787 526 857 quicumque
559 785 709 838 aliud
742 792 939 851 amant,
965 787 1071 839 hoc
1100 785 1247 855 quod
1287 792 1469 837 amant
1498 783 1666 835 velint
1696 800 1814 835 esse
1841 781 1977 834 veri-

119 880 312 935 tatem3
351 879 404 923 et
433 871 560 941 quia
594 871 706 922 falli
740 872 949 935 nolunt,
974 873 1169 923 nolunt
1202 870 1453 923 convinci
1488 868 1636 939 quod
1671 868 1793 920 falsi
1832 865 1975 919 sint?

121 960 310 1027 Itaque
334 963 553 1025 propter
577 974 693 1007 eam
720 974 831 1008 rem
859 955 1088 1008 oderunt
1112 956 1406 1019 veritatem,
1435 973 1597 1024 quam
1631 971 1730 1023 pro
1756 953 1979 1005 veritate

121 1049 312 1095 amant.
386 1043 585 1093 Amant
627 1059 745 1092 eam
789 1042 1079 1104 lucentem,
1119 1041 1347 1097 oderunt
1390 1058 1508 1092 eam
1549 1038 1976 1106 redarguentem.
1995 1051 2089 1092 Joh.
2109 1054 2151 1100 5,

121 1128 262 1188 Quia
295 1127 438 1178 enim
476 1126 589 1178 falli
621 1126 814 1177 nolunt
846 1132 900 1177 et
936 1126 1117 1177 fallere
1151 1126 1357 1186 volunt,
1387 1132 1569 1176 amant
1605 1141 1723 1175 eam
1762 1142 1886 1176 cum
1924 1141 1980 1174 se
1993 1109 2062 1147 35.

120 1212 238 1282 ipsa
272 1211 494 1275 indicat,
521 1218 575 1262 et
610 1210 839 1263 oderunt
875 1228 994 1262 eam
1032 1228 1155 1262 cum
1189 1228 1282 1262 eos
1317 1209 1469 1278 ipsos
1506 1207 1766 1261 indicat*.
1842 1207 1980 1260 Inde

120 1298 375 1350 retribuet
400 1298 495 1360 eiS,
513 1305 573 1348 ut
591 1297 684 1365 qui
705 1314 762 1348 se
783 1297 850 1348 ab
872 1314 936 1348 ea
960 1295 1287 1348 manifestari
1311 1296 1522 1358 nolunt,
1539 1301 1593 1346 et
1617 1312 1710 1346 eos
1734 1296 1981 1346 nolentes

120 1382 435 1445 manifestet,
462 1389 516 1434 et
549 1383 627 1433 eis
667 1381 788 1449 ipsa
825 1398 934 1432 non
974 1381 1045 1432 sit
1080 1380 1378 1432 manifesta.
1456 1380 1547 1432 Sic
1584 1380 1662 1431 sic
1696 1379 1875 1442 etiam,
1903 1378 1981 1430 sic

122 1469 330 1520 animus
366 1468 651 1530 humanuS,
679 1466 838 1518 etiam
873 1467 949 1518 sic
986 1484 1163 1519 caecus
1197 1472 1250 1517 et
1281 1464 1590 1531 languiduS‚
1617 1465 1789 1534 turpis
1818 1472 1980 1533 atque

121 1553 376 1606 indecens
419 1554 580 1604 latere
621 1553 765 1615 vult3
816 1570 873 1604 se
917 1559 1095 1604 autem
1138 1558 1198 1602 ut
1240 1552 1404 1603 lateat
1448 1550 1655 1620 aliquid
1698 1568 1808 1601 non
1847 1551 1978 1601 vult.

123 1640 324 1692 Contra
347 1638 426 1688 illi
454 1637 694 1688 redditur
717 1643 778 1688 ut
811 1636 928 1705 ipse
955 1655 1064 1687 non
1090 1638 1255 1688 lateat
1278 1636 1571 1699 veritatem,
1596 1636 1776 1704 ipsum
1803 1643 1981 1687 autem

122 1724 314 1776 veritas
346 1724 523 1775 lateat.
600 1723 806 1773 Tamen
834 1722 994 1772 etiam
1022 1722 1097 1773 sic
1128 1720 1254 1772 dum
1279 1721 1441 1773 miser
1467 1727 1564 1786 est,
1585 1719 1757 1772 veris*
1777 1721 1983 1772 mavult

123 1809 351 1877 gaudere
379 1827 540 1877 quam
573 1807 737 1859 falsis.
815 1808 1018 1858 Beatus
1044 1824 1170 1873 ergo
1198 1806 1313 1870 erit,
1342 1806 1388 1857 si
1422 1807 1570 1857 nulla
1604 1805 1979 1874 interpellante

121 1894 382 1955 molestia,
422 1892 487 1944 de
530 1892 668 1961 ipsa,
706 1909 802 1960 per
841 1909 1002 1960 quam
1042 1910 1165 1943 vera
1205 1898 1328 1942 sunt
1366 1892 1564 1955 omnia,
1606 1892 1721 1943 sola
1758 1891 1980 1943 veritate

125 1979 396 2047 gaudebit.

194 2070 279 2116 35.
319 2066 467 2116 Ecce
495 2070 755 2133 quantum
782 2063 1044 2131 spatiatus
1071 2083 1188 2116 sum
1213 2065 1270 2116 in
1296 2063 1552 2116 memoria
1575 2082 1712 2130 mea,
1731 2081 1977 2134 quaerens
2008 2077 2170 2117 XXIV.

123 2159 191 2216 te,
216 2151 465 2214 Domine,
493 2156 546 2200 et
570 2167 679 2200 non
705 2157 754 2200 te
780 2148 963 2200 inveni
990 2157 1144 2202 extra
1169 2169 1301 2202 eam.
1378 2152 1574 2219 Neque
1602 2151 1743 2202 enim
1771 2150 1977 2219 aliquid
1995 2134 2143 2172 Gratu-

1996 2188 2099 2226 latur

124 2235 189 2288 de
214 2243 266 2288 te
292 2235 473 2286 inveni
502 2234 647 2304 quod
670 2252 780 2286 non
806 2235 1169 2288 meminissem
1195 2255 1264 2288 ex
1287 2254 1394 2306 quo
1415 2236 1583 2289 didici
1609 2243 1677 2288 te.
1738 2238 1881 2288 Nam
1907 2255 1977 2288 ex
1995 2241 2182 2291 quodsua

125 2340 230 2391 quo
252 2320 418 2372 didici
436 2327 505 2383 te,
522 2338 633 2371 non
661 2337 778 2371 sum
799 2321 998 2371 oblitus
1023 2321 1119 2372 tui.
1178 2321 1290 2373 Ubi
1311 2322 1454 2373 enim
1481 2322 1664 2373 inveni
1683 2322 1977 2385 veritatem,
1996 2310 2137 2389 {20¹2}

123 2406 199 2458 ibi
223 2406 403 2457 inveni
430 2406 607 2457 Deum
631 2423 810 2456 meum
834 2404 1008 2473 ipsam
1028 2406 1303 2458 veritatem
1313 2401 1354 2466 k,
1375 2425 1554 2474 quam,
1573 2425 1643 2458 ex
1665 2425 1772 2475 quo
1794 2406 1978 2468 didici,
1999 2406 2109 2444 Deus

123 2510 231 2543 non
259 2510 375 2542 sum
402 2491 616 2543 oblitus.
687 2492 878 2558 Itaque
905 2509 974 2541 ex
1003 2509 1110 2559 quo
1139 2498 1190 2541 te
1219 2491 1403 2554 didici,
1430 2509 1616 2542 manes
1640 2491 1698 2542 in
1724 2491 1980 2543 memoria
1996 2460 2154 2553 ῗῗέζθῖῑ,

123 2595 258 2641 mea,
286 2583 339 2627 et
373 2576 483 2628 illic
520 2583 571 2626 te
606 2574 841 2638 invenio,
868 2593 990 2626 cum
1024 2575 1335 2627 reminiscor
1370 2575 1448 2627 tui
1485 2583 1538 2627 et
1564 2575 1802 2628 delector
1824 2576 1882 2626 in
1908 2583 1976 2627 te.

126 2664 233 2714 Hae
260 2670 385 2713 sunt
410 2667 607 2712 sanctae
635 2659 842 2711 deliciae
869 2678 1020 2723 meae,
1051 2678 1184 2728 quas
1210 2659 1422 2712 donasti
1447 2660 1580 2712 mihi
1612 2660 1980 2713 misericordia

126 2754 218 2798 tua
242 2747 536 2814 respiciens
560 2751 930 2813 paupertatem
955 2763 1146 2796 meam.

196 2836 281 2884 36,
338 2831 447 2884 Sed
489 2831 583 2882 ubi
627 2848 812 2882 manes
855 2830 912 2880 in
955 2830 1212 2882 memoria
1254 2849 1390 2894 mea,
1432 2831 1689 2895 Domine,
1730 2831 1824 2883 ubi
1868 2831 1978 2885 illic
2023 2848 2158 2887 xxv.

125 2917 343 2969 manes?
404 2917 562 2986 quale
608 2915 784 2967 cubile
825 2913 1137 2966 fabricasti*
1177 2915 1312 2967 tibi?
1374 2917 1532 2986 quale
1579 2916 1977 2968 sanctuarium'
1999 2903 2147 2995 {nnet‘ffi}

129 3002 406 3055 aedificasti
433 3001 568 3053 tibi?
645 3002 733 3052 Tu
759 2999 954 3051 dedisti
988 3000 1128 3052 hanc
1156 2999 1526 3067 dignationem
1556 3002 1826 3053 memoriae
1850 3020 1980 3053 meae
1997 3012 2062 3049 riae
2083 3024 2172 3060 gra-

127 3095 186 3139 ut
223 3106 440 3140 maneas
480 3087 538 3137 in
580 3105 672 3148 ea;
721 3085 816 3137 sed
854 3086 912 3136 in
947 3104 1054 3154 qua
1095 3084 1211 3154 ejus
1250 3093 1401 3153 parte
1434 3104 1673 3150 maneaS‚
1707 3087 1811 3139 hoc
1853 3105 1980 3139 con·
1998 3066 2181 3158 uigtzelpe-

130 3172 316 3224 sidero.
381 3167 735 3223 Transcendi¹
762 3170 904 3222 enim
929 3178 1109 3238 partes
1136 3169 1269 3238 ejuS‚
1299 3189 1432 3239 quas
1458 3172 1663 3223 habent
1687 3179 1741 3223 et
1775 3172 1981 3235 bestiae,
1999 3175 2127 3214 Deus.

129 3275 250 3309 cum
275 3265 326 3310 te
352 3257 670 3322 recordarer,
699 3255 827 3325 quia
858 3273 967 3306 non
998 3255 1075 3306 ibi
1106 3262 1158 3306 te
1189 3255 1532 3307 inveniebam
1556 3256 1695 3307 inter
1719 3256 1983 3323 imagines

128 3360 298 3394 rerum
323 3343 711 3411 corporalium;
751 3348 805 3391 et
827 3339 948 3391 veni
987 3338 1056 3391 ad
1093 3347 1273 3408 partes
1314 3338 1449 3409 ejuS,
1476 3340 1568 3391 ubi
1610 3341 1983 3395 commendavi

131 3531 283 3571 beatam
297 3530 433 3579 vitam;
465 3530 564 3570 illud
583 3531 701 3576 enim,
716 3530 781 3570 cui
799 3544 930 3570 comes
948 3537 1021 3575 est,
1133 3523 1146 3557 ¹
1175 3531 1265 3570 Ter.
1282 3529 1410 3571 Andr.
1429 3529 1458 3569 i.
1479 3531 1517 3575 1,
1537 3531 1602 3569 40.

129 3591 168 3623 et
185 3585 264 3625 sine
284 3598 362 3637 quo
380 3598 426 3625 ea
446 3598 559 3624 nemo
579 3585 721 3637 dignus
738 3591 810 3629 est,
830 3598 1022 3638 nemoque
1133 3582 1156 3613 k
1185 3586 1284 3638 Sup.
1305 3584 1333 3623 1.
1354 3584 1405 3622 iv.
1427 3597 1463 3624 c.
1488 3586 1554 3624 12.
1575 3585 1603 3625 l.
1624 3584 1687 3626 vii.
1710 3599 1748 3626 c.
1771 3587 1836 3627 10.

129 3638 358 3692 assequitur,
372 3646 474 3679 recte
483 3639 632 3678 scilicet
643 3638 875 3682 vivere.non
887 3639 1022 3679 itidem
1132 3637 1144 3669 l
1180 3638 1279 3693 Sup.
1296 3652 1335 3679 c.
1360 3639 1423 3678 17.

130 3693 281 3734 volunt.
328 3694 435 3747 Aug.
450 3694 500 3734 de
520 3693 608 3734 Lib.
630 3693 729 3732 Arb.
747 3692 772 3731 l.
792 3692 819 3734 i.
837 3706 871 3733 c.
902 3694 962 3733 14.
