2378 4134
8 949 16 981 .-
0 867 2 883 ”
0 834 1 843 ⁴

533 229 1139 305 CONFESSIONUM
1178 228 1418 281 LIBER
1454 227 1585 279 XII.
1877 231 1979 279 ⁶241

133 360 357 416 audebit
393 360 523 413 istas
566 377 735 429 aquas
771 366 1064 413 coaeternas
1102 359 1240 423 De0,
1278 358 1409 428 quia
1441 356 1502 408 in
1535 356 1674 408 libro
1707 358 1986 410 Geneseos

136 449 573 499 commemoratas
606 442 825 512 quidem
862 443 1109 496 audimus
1122 441 1166 507 ⁸,
1199 442 1296 494 ubi
1331 448 1510 494 autem
1540 441 1698 497 factae
1731 442 1840 494 sint
1873 459 1984 494 non

86 526 109 542 ’”
136 529 460 583 invenimus:
501 545 596 580 cur
618 545 727 579 non
751 528 1031 580 informem
1069 545 1287 598 quoque
1318 526 1467 578 illam
1500 525 1793 590 materiem,
1821 545 1984 596 quam

137 614 410 683 Scriptura
443 612 563 665 haec
595 618 788 664 terram
819 612 1148 665 invisibilem
1183 619 1238 664 et
1277 611 1712 679 incompositam,
1739 613 1984 664 tenebro-

138 714 354 766 samque
379 699 634 765 abyssum
670 698 924 765 appellat,
955 697 1179 750 docente
1216 696 1437 748 veritate
1472 695 1839 761 intelligamus
1872 714 1942 747 ex
1959 695 1982 716 ⁸

136 782 254 833 Deo
279 781 473 833 factam
510 799 627 832 esse
661 780 727 833 de
760 782 950 845 nihilo,
975 781 1206 852 ideoque
1234 781 1316 832 illi
1349 798 1461 832 non
1496 798 1612 832 esse
1646 788 1984 845 coaeternam,

136 866 376 936 quamvis
400 866 496 917 ubi
520 866 662 918 facta
687 866 772 930 sit,
798 867 1034 919 omiserit
1058 866 1333 918 enuntiare
1359 866 1464 917 ista
1487 867 1719 918 narratio
1740 865 1792 918 ?”

205 956 290 1003 32.
329 952 438 1004 His
461 970 587 1019 ergo
611 953 812 1005 auditis
838 961 999 1023 atque
1025 952 1322 1022 perspectis
1346 970 1443 1021 pro
1470 959 1635 1020 captu
1658 952 1985 1005 infirmitatis
2012 968 2180 1031 XXII-1.

132 1055 282 1101 meae,
308 1055 469 1106 quam
491 1028 602 1090 'tibi
636 1038 895 1091 confiteor
927 1040 1118 1091 scienti
1145 1040 1265 1091 Deo
1290 1057 1429 1102 11100,
1457 1038 1564 1089 duo
1591 1037 1749 1090 video
1778 1039 1982 1092 dissen—
2001 1022 2039 1061 D
2046 1034 2095 1061 ¹¹⁰
2110 1023 2189 1062 ‘¹¹⁸‘

2001 1090 2148 1116 sensu)-

133 1123 342 1174 sionum
379 1141 573 1190 genera
600 1124 798 1175 oboriri
828 1142 1007 1193 posse,
1034 1143 1157 1176 cum
1186 1123 1393 1193 aliquid
1420 1142 1452 1175 a
1475 1123 1678 1175 nuntiis
1703 1126 1983 1177 veracibus
2003 1143 2096 1170 num
2118 1144 2184 1183 ge-

132 1225 227 1277 per
251 1208 404 1274 signa
429 1209 761 1260 enuntiatur:
811 1227 977 1260 unum
1015 1209 1061 1260 si
1099 1209 1164 1260 de
1201 1210 1421 1260 veritate
1459 1227 1651 1272 rerum,
1677 1211 1900 1261 alterum
1938 1198 2175 1291 51ξὲξῗρζ3

133 1291 199 1344 de
233 1293 402 1361 ipsius
446 1294 540 1362 qui
579 1294 822 1346 enuntiat
851 1295 1121 1345 voluntate
1162 1294 1424 1345 dissensio
1464 1301 1558 1345 est.
1639 1294 1806 1346 Aliter
1839 1293 2186 1346 enimrisinter-

131 1378 418 1446 quaerimus
455 1378 521 1430 de
559 1386 812 1430 creaturae
847 1379 1156 1431 conditione
1189 1378 1321 1448 quid
1357 1397 1539 1430 verum
1578 1380 1675 1443 sit3
1716 1382 1867 1433 aliter
1891 1400 1982 1433 au-
1999 1356 2155 1441 Ege-tan-

131 1469 234 1513 tem
262 1462 392 1531 quid
416 1464 473 1514 in
498 1463 583 1514 his
610 1465 784 1515 verbis
813 1465 1051 1532 MoyseS,
1074 1463 1321 1531 egregius
1348 1462 1675 1515 domesticus
1703 1465 1831 1516 fidei
1858 1473 1983 1528 tuae,

129 1549 422 1617 intelligere
470 1551 722 1602 lectorem
772 1551 1174 1620 auditoremque
1224 1550 1464 1602 voluerit.
1561 1552 1629 1602 In
1672 1550 1766 1603 1110
1811 1553 1983 1620 primo'

131 1652 319 1702 genere
346 1635 626 1687 discedant
651 1654 683 1688 a
706 1654 791 1687 me
826 1654 1029 1699 omneS,
1058 1636 1152 1705 qui
1187 1653 1250 1687 ea
1280 1653 1401 1704 quae
1433 1636 1568 1687 falsa
1595 1643 1736 1700 sunt,
1763 1655 1820 1689 se
1847 1638 1982 1690 scire

129 1719 458 1772 arbitrantur.
537 1722 603 1772 In
628 1722 732 1773 hoc
758 1722 886 1773 item
922 1723 1086 1773 altero
1115 1720 1394 1773 discedant
1419 1738 1451 1772 a
1475 1739 1559 1772 me
1587 1739 1771 1773 omnes
1800 1723 1894 1792 qui
1920 1741 1984 1775 ea

129 1822 247 1874 quae
279 1804 414 1880 falsa
450 1812 590 1870 sunt,
627 1807 859 1874 Moysen
895 1805 1099 1857 dixisse
1136 1806 1469 1858 arbitrantur.
1549 1806 1860 1876 Conjungar
1890 1827 1981 1860 au-

128 1894 232 1940 tem
258 1890 382 1953 illis,
410 1890 661 1954 Domine,
686 1891 742 1941 in
771 1899 839 1954 te,
867 1897 920 1942 et
946 1890 1177 1943 delecter
1210 1909 1331 1942 cum
1360 1891 1438 1942 eis
1464 1891 1518 1942 in
1546 1899 1615 1955 te,
1644 1893 1737 1961 qui
1764 1893 1982 1946 veritate

126 1981 215 2026 tua
238 1982 534 2042 pascuntur
554 1976 612 2025 in
635 1975 918 2027 latitudine
945 1975 1219 2027 charitatis
1241 1996 1254 2038 3
1295 1983 1348 2027 et
1374 1976 1694 2028 accedamus
1729 1978 1888 2029 simul
1914 1978 1983 2030 ad

127 2060 284 2110 verba
322 2060 472 2110 Libri
511 2061 607 2124 tui,
646 2067 700 2112 et
737 2078 1039 2129 quaeramus
1087 2060 1145 2110 in
1188 2061 1266 2111 eis
1310 2061 1638 2112 voluntatem
1690 2072 1836 2113 tuam
1886 2081 1982 2131 per

125 2146 448 2196 voluntatem
473 2146 656 2197 famuli
683 2148 779 2209 tui,
807 2146 961 2216 cujus
987 2147 1194 2198 calamo
1220 2145 1544 2213 dispensasti
1570 2165 1648 2198 ea.

195 2234 282 2281 33.
323 2230 431 2282 Sed
447 2231 568 2299 quis
585 2240 824 2283 nostrum
845 2232 921 2283 sic
941 2231 1178 2282 inveniet
1198 2249 1313 2282 eam
1328 2232 1467 2282 inter
1486 2240 1594 2283 tam
1609 2234 1778 2284 multa
1795 2252 1920 2285 vera
1934 2231 1976 2297 ³⁹,
2005 2237 2166 2303 KXIV·

126 2330 246 2383 quae
289 2316 345 2366 in
389 2316 496 2367 illis
540 2317 716 2368 verbis
762 2317 913 2368 aliter
955 2323 1114 2384 atque
1159 2316 1310 2367 aliter
1353 2316 1640 2368 intellectis
1690 2327 1977 2370 occurrunt
1994 2292 2176 2385 Ξζνᾞξ

125 2401 510 2468 quaerentibus3
565 2409 625 2452 ut
668 2410 777 2453 tam
820 2401 1046 2452 fidenter
1094 2400 1240 2452 dicat
1288 2401 1393 2453 1100
1447 2402 1677 2453 sensisse
1723 2404 1975 2471 Moysen,
1993 2412 2070 2491 Eg?
2081 2401 2158 2492 ἐξ·

123 2492 279 2553 atque
311 2486 415 2537 hoc
453 2487 510 2536 in
547 2487 640 2537 illa
677 2487 978 2537 narratione
1016 2486 1246 2536 voluisse
1284 2485 1530 2552 intelligi,
1559 2503 1721 2554 quam
1753 2487 2129 2547 fidenterdemffl-

123 2569 253 2621 dicit
284 2571 388 2622 hoc
427 2589 606 2621 verum
634 2589 767 2634 esse,
795 2571 906 2621 sive
931 2571 1019 2622 ille
1047 2571 1150 2621 hoc
1181 2571 1404 2621 senserit
1431 2571 1542 2622 sive
1569 2571 1747 2623 aliud?
1825 2574 1975 2625 Ecce
1990 2564 2152 2655 fficeraiut

121 2655 279 2717 enim,
314 2657 463 2706 Deus
500 2674 669 2719 meus,
707 2674 807 2723 ego
847 2674 1027 2707 servus
1065 2663 1188 2706 tuus
1227 2656 1320 2723 qui
1353 2657 1475 2706 vovi
1514 2657 1613 2708 tibi
1653 2658 2090 2730 sacrificiuminud

122 2740 469 2792 confessionis
518 2740 575 2791 in
624 2741 710 2792 his
758 2741 964 2803 litteris,
1009 2748 1060 2791 et
1103 2757 1195 2790 oro
1239 2748 1298 2791 ut
1347 2758 1416 2791 ex
1467 2741 1833 2795 misericordia
1883 2752 1974 2796 tua
1987 2737 2173 2832 {32:332

120 2825 341 2876 reddam
371 2825 471 2876 tibi
503 2833 623 2877 vota
655 2844 811 2881 mea;
854 2843 980 2877 ecce
1021 2843 1120 2891 ego
1160 2841 1320 2892 quam
1357 2825 1583 2877 fidenter
1621 2826 1743 2878 dico
1784 2828 1839 2878 in
1878 2837 1971 2880 tuo

120 2909 295 2961 Verbo
326 2910 754 2962 incommutabili
788 2911 968 2961 omnia
992 2917 1043 2960 te
1077 2909 1286 2972 secisse,
1312 2910 1607 2962 invisibilia
1641 2919 1694 2963 et
1719 2913 1971 2977 visibilia,

119 2994 377 3063 numquid
420 3002 529 3046 tam
567 2994 793 3047 fidenter
832 2995 954 3046 dico
991 3013 1100 3046 non
1147 2994 1293 3046 aliud
1332 3011 1493 3062 quam
1530 2996 1636 3046 hoc
1678 2997 1969 3048 attendisse

120 3078 348 3146 Moysen
388 3098 510 3131 cum
555 3080 831 3132 scriberet:
887 3081 959 3131 In
996 3081 1275 3146 principio
1302 3081 1450 3147 fivit
1492 3083 1643 3131 Deus
1688 3084 1875 3132 coelnm.
1917 3091 1970 3132 et

120 3162 366 3214 terram?
421 3165 563 3223 Quia
598 3182 708 3214 non
747 3165 888 3215 sicut
919 3166 976 3215 in
1015 3173 1108 3216 tua
1145 3164 1366 3215 veritate
1405 3165 1508 3216 hoc
1550 3173 1751 3216 certum
1792 3166 1966 3230 video,

118 3246 193 3298 ita
214 3247 272 3299 in
296 3247 411 3316 ejus
444 3256 620 3299 mente
647 3248 804 3300 video
837 3249 894 3300 id
927 3268 1049 3300 eum
1085 3249 1348 3314 cogitasse
1384 3267 1506 3299 cum
1541 3249 1658 3301 haec
1695 3250 1963 3302 scriberet.

119 3331 299 3383 Potuit
334 3334 476 3385 enim
515 3333 749 3399 cogitare
787 3334 843 3384 in
881 3334 1001 3401 ipso
1046 3332 1276 3384 faciendi
1317 3333 1556 3398 exordiO,
1586 3352 1707 3384 cum
1747 3334 1964 3397 diceret,

121 3416 192 3466 In
223 3420 528 3484 principio:
590 3419 767 3485 potuit
805 3426 858 3469 et
895 3418 1089 3469 coelum
1130 3425 1183 3467 et
1219 3424 1410 3468 terram
1449 3419 1552 3469 hoc
1592 3419 1731 3481 1000,
1759 3420 1961 3471 nullam

109 3497 224 3567 jam
265 3501 539 3552 formatam
582 3502 980 3570 perfectamque
1024 3507 1268 3553 naturam
1314 3501 1424 3552 sive
1472 3503 1803 3570 spiritualem
1850 3504 1961 3555 sive

117 3586 460 3652 corporalem,
481 3584 575 3636 sed
599 3592 876 3655 utramque
903 3586 1212 3637 inchoatam
1238 3593 1291 3636 et
1316 3585 1492 3637 adhuc
1520 3587 1798 3639 informem
1827 3589 1960 3639 velle

117 3663 354 3736 intelligi.
429 3668 602 3721 Video
641 3669 842 3739 quippe
876 3687 997 3722 vere
1030 3669 1269 3738 potuisse
1309 3669 1435 3734 dici,
1470 3670 1733 3740 quidquid
1769 3672 1958 3724 horum

1019 3771 1052 3806 R
