2378 4134
361 223 432 274 32
834 220 890 273 S.
931 217 1375 272 AUGUSTINI
1415 214 1774 271 EPISCOPI

361 361 417 407 et
441 352 672 425 strepitu
702 353 908 422 linguae
929 372 944 418 ;
983 359 1040 406 et
1064 357 1339 416 caeterum,
1367 368 1464 404 cor
1483 349 1647 404 inane
1670 349 1800 404 veri.
1875 349 1954 402 Et
1979 347 2262 415 dicebant,

285 485 297 495 .
359 441 592 507 VeritaS,
612 448 668 495 et
690 440 914 494 veritas:
955 446 1011 494 et
1033 439 1267 492 multum
1292 455 1413 490 eam
1439 436 1698 491 dicebant
1720 435 1876 502 mihi,
1902 442 1958 489 et
1980 454 2254 506 nusquam

359 538 484 584 erat
506 532 569 584 in
594 532 673 584 eis
691 553 711 590 ;
755 529 854 583 sed
877 529 1015 583 falsa
1037 528 1420 598 loquebantur,
1445 543 1559 578 non
1586 525 1655 579 de
1681 533 1734 579 te
1760 531 1990 590 tantum,
2011 525 2107 596 qui
2130 543 2256 578 vere

360 620 576 674 Veritas
601 638 679 685 eS,
706 618 804 672 sed
830 618 991 672 etiam
1021 616 1089 670 de
1114 616 1235 670 istis
1262 614 1547 669 elementis
1584 612 1751 685 hujus
1782 613 1976 667 mundi
2014 621 2259 667 creatura

360 713 473 773 tua,
513 706 580 760 de
621 706 822 778 quibus
866 704 1031 758 etiam
1073 721 1202 756 vera
1245 702 1492 756 dicentes
1539 700 1905 771 philosophos
1954 700 2257 768 transgredi

362 796 527 850 debui
578 813 691 866 prae
744 811 925 847 amore
965 799 1078 857 tuo,
1116 792 1193 844 mi
1238 792 1404 844 Pater
1444 809 1655 844 summe
1703 791 1867 855 bone,
1905 789 2260 860 pulchritudo

358 883 713 954 pulchrorum
738 879 998 932 omnium.
1076 878 1125 931 O
1152 876 1387 944 Veritas,
1412 877 1648 943 VeritaS‚
1675 895 1842 948 quam
1878 877 2068 930 intime
2094 876 2259 930 etiam

359 978 476 1024 tum
501 968 755 1022 medullae
790 966 959 1020 animi
992 965 1101 1018 mei
1131 963 1482 1035 suspirabant
1506 964 1627 1030 tibi,
1654 983 1781 1018 cum
1805 971 1858 1017 te
1891 964 1973 1016 illi
2007 970 2261 1017 sonarent

359 1057 496 1111 mihi
529 1056 839 1126 frequenter
875 1059 930 1106 et
961 1050 1340 1122 multipliciter
1374 1069 1511 1104 voce
1550 1052 1683 1116 sola,
1711 1057 1766 1104 et
1796 1051 1953 1104 libris
1986 1051 2173 1103 multis
2206 1056 2261 1103 et

360 1143 680 1212 ingentibus
704 1140 714 1194 !
780 1142 859 1194 Et
885 1140 982 1193 illa
1013 1146 1167 1192 erant
1195 1137 1399 1191 fercula
1423 1138 1483 1190 in
1511 1138 1714 1208 quibus
1740 1137 1877 1190 mihi
1903 1138 2162 1190 esurienti
2188 1144 2259 1203 te,

360 1231 731 1284 inferebantur
754 1245 854 1299 pro
880 1233 934 1280 te
962 1227 1045 1280 sol
1071 1233 1127 1279 et
1149 1226 1283 1279 luna

362 1391 630 1455 appellatione
652 1390 821 1431 colimus
848 1402 1013 1437 numen,
1034 1388 1102 1429 sed
1126 1387 1283 1428 Patrem

362 1447 523 1502 quidem
545 1448 674 1501 ipsum
693 1446 826 1486 lucem
840 1444 1013 1485 incolere
1025 1456 1222 1483 summam
1235 1455 1284 1482 ac

363 1502 642 1557 principalem,
662 1514 786 1564 quam
808 1500 960 1541 Paulus
987 1499 1112 1539 alias·
1103 1512 1281 1539 inacces-

362 1558 517 1598 sibilem
552 1564 694 1597 vocat:
743 1556 891 1596 Filium
925 1569 1018 1595 vero
1047 1554 1088 1593 in
1118 1554 1194 1594 hac
1223 1567 1284 1594 se-

365 1615 499 1653 cunda
538 1626 585 1652 ac
634 1611 781 1653 visibili
819 1613 911 1651 luce
951 1611 1175 1655 consistere,
1214 1610 1284 1662 qui

364 1668 554 1722 quoniam
594 1668 642 1708 sit
678 1675 717 1708 et
746 1667 828 1722 ipse
857 1666 1057 1720 geminus,
1090 1666 1157 1717 (ut
1190 1678 1281 1705 eum

369 1724 585 1786 Apostolus
623 1723 746 1768 novit,
787 1722 992 1763 Christum
1031 1719 1167 1761 dicens
1202 1733 1285 1760 esse

368 1779 447 1819 Dei
468 1779 646 1819 virtutem
665 1788 705 1819 et
730 1777 806 1818 Dei
825 1775 1081 1838 sapientiam)
1102 1775 1284 1816 virtutem

363 1834 524 1888 quidem
558 1834 648 1888 ejus
674 1833 716 1874 in
745 1833 828 1874 sole
864 1831 1043 1872 habitare
1072 1831 1287 1876 credimus,

363 1889 597 1952 sapientiam
617 1903 709 1929 vero
728 1889 769 1928 iu
789 1888 915 1928 luna:
948 1900 1022 1928 nec
1043 1900 1122 1926 non
1138 1894 1178 1926 et
1201 1886 1288 1949 Spi-

367 1945 464 1985 ritus
490 1944 642 1991 Sancti,
663 1944 733 1999 qui
760 1950 820 1985 est
837 1943 1025 1997 majestas
1042 1941 1171 1986 tertia,
1191 1941 1291 1982 aeris

367 2000 476 2040 hunc
514 2014 673 2040 omnem
716 1999 909 2039 ambitum
949 1999 1081 2038 sedem
1119 1997 1289 2037 fatemur

369 2069 418 2096 ac
438 2056 710 2100 diversorium,
733 2055 849 2108 cujus
866 2067 917 2094 ex
937 2053 1087 2093 viribus
1113 2066 1160 2093 ac
1165 2053 1289 2116 spiri-

368 2111 439 2151 tali
457 2110 682 2166 profusione
701 2118 844 2150 terram
873 2122 1033 2163 quoque
1061 2107 1290 2171 concipien-

371 2173 448 2206 tem
471 2167 628 2219 gignere
650 2165 853 2220 patibilem
874 2166 899 2206 J
903 2178 1030 2211 esum
1044 2164 1112 2218 qui
1129 2170 1187 2203 est
1209 2164 1290 2203 vita

370 2234 418 2261 ac
458 2222 565 2262 salus
598 2221 821 2269 hominum,
851 2219 959 2260 omni
995 2232 1207 2273 suspensus
1238 2231 1287 2259 ex

370 2277 493 2330 ligno.
499 2278 523 2294 ’
588 2276 772 2316 Similiter
814 2274 1066 2316 Secundinus
1099 2275 1203 2328 (Ep.
1238 2274 1289 2314 ad

370 2332 479 2385 Aug.
487 2332 551 2379 )‘
559 2332 737 2372 ‘Habeo
766 2339 806 2371 ct
833 2344 906 2385 ago
927 2330 1070 2384 gratias
1095 2288 1290 2369 ineffabili

366 2400 415 2427 ac
453 2387 737 2427 Sacratissimae
770 2385 988 2449 Majestati,
1017 2398 1181 2439 eJusque
1199 2384 1289 2479 Jpri-

367 2442 565 2495 mogenito
602 2442 779 2482 omnium
828 2441 1025 2481 luminum
1070 2441 1200 2495 regi
1191 2441 1290 2480 Jesu

368 2498 543 2546 Christo,
565 2497 694 2538 habeo
721 2497 864 2551 gratias
890 2505 930 2537 et
956 2496 1127 2551 supplex
1153 2503 1291 2536 sancto

367 2553 493 2594 refero
534 2531 730 2616 ’Spiritui'
721 2554 744 2570 ’⁸
805 2553 992 2606 Denique
1037 2553 1291 2599 Fortunatus,

368 2611 385 2652 (
397 2609 513 2663 Disp.
565 2608 592 2648 i.
643 2610 677 2661 §-
725 2610 763 2649 3.
774 2607 793 2686 J
843 2607 975 2647 allatis
1022 2607 1203 2669 pluribus
1250 2606 1292 2646 S.

367 2665 582 2718 Scripturae
620 2663 766 2703 locis·
774 2663 885 2702 ‘His
920 2663 1039 2703 rebus
1075 2662 1287 2707 credimus,

365 2727 406 2759 et
423 2720 511 2759 haec
530 2727 590 2759 est
617 2720 716 2760 ratio
745 2718 835 2759 fidei
863 2725 1020 2764 nostrae,
1041 2725 1080 2758 et
1107 2731 1178 2771 pro
1197 2717 1289 2757 viri·

368 2775 444 2815 bus
462 2774 582 2814 animi
603 2774 722 2814 nostri
749 2773 945 2814 mandatis
971 2773 1057 2827 ejus
1085 2774 1290 2835 obtempe-

369 2842 470 2875 rare,
489 2842 609 2868 unam
642 2830 758 2869 fidem
786 2836 982 2869 sectantes
1011 2828 1133 2882 hujus
1159 2827 1288 2867 'lrini-

367 2885 470 2928 tatis,
499 2884 626 2924 Patris
653 2891 692 2924 et
723 2884 814 2924 Filii
843 2891 882 2924 et
914 2883 1082 2954 Spiritus
1115 2882 1264 2922 Sancti.
1270 2883 1294 2899 ''

386 2939 499 2978 ‘His
516 2939 820 2978 obscoeniffiirnis
841 2938 1012 2992 pannis.'
1018 2938 1148 2991 Justa
1168 2938 1292 2991 indig-

370 2995 526 3034 natione
539 2994 593 3033 ait
603 2995 711 3046 Aug.
721 2993 927 3034 teterrimis
938 2992 1176 3046 quibusdam
1190 2992 1291 3031 alla-

369 3049 431 3097 tis,
454 3055 479 3072 “
497 3048 696 3088 conamini
716 3062 872 3089 assuere
892 3048 1137 3088 ineffabilem
1159 3047 1290 3087 Trini-

368 3111 504 3152 tatem,
519 3104 695 3144 dicentes
708 3105 868 3143 Patrem
884 3103 927 3143 in
946 3110 1096 3143 secreto
1115 3102 1290 3157 quodam

369 3159 519 3200 lumine
540 3159 734 3207 habitare,
754 3159 841 3199 Filii
862 3166 992 3199 autem
1014 3158 1055 3198 in
1071 3158 1154 3198 sole
1167 3158 1288 3198 virtu-

368 3222 464 3261 tem,
483 3215 524 3255 in
553 3215 650 3255 luna
678 3214 938 3269 sapientiam3
976 3212 1167 3268 Spiritum
1197 3227 1290 3254 vero

369 3277 553 3310 sanctum
575 3270 617 3310 in
637 3283 742 3310 aere
748 3271 772 3287 ‘¹
811 3283 849 3310 c.
872 3270 1008 3309 Faust.
1038 3269 1066 3308 l.
1089 3282 1156 3308 xx.
1189 3282 1225 3308 c.
1248 3269 1288 3309 7.

373 3325 498 3365 Foede
536 3325 687 3366 scilicet
723 3324 959 3371 Manichaei,
997 3337 1089 3364 cum
1136 3331 1290 3364 terrena

371 3380 506 3421 omnia
535 3387 734 3435 saperent,
767 3380 946 3420 Nomina
979 3379 1064 3419 haec
1098 3379 1293 3433 figmentis

370 3436 451 3476 suis
461 3437 742 3482 obtenderunt,
752 3435 884 3475 forsan
895 3435 990 3489 quia
996 3448 1036 3475 se
1049 3434 1293 3475 Christianos

371 3504 456 3531 esse
474 3491 582 3531 sibi
574 3491 667 3546 ipsis
696 3490 933 3554 persuadere
951 3489 1178 3538 voluerunt,
1198 3503 1290 3530 curn

374 3546 471 3586 nihil
503 3560 641 3587 eorum
677 3546 879 3609 systemati
906 3545 1062 3593 inesset,
1093 3545 1202 3600 quod
1233 3545 1294 3586 his

373 3601 617 3648 veritatibus,
638 3602 701 3642 vel
730 3600 828 3642 locis
856 3601 900 3642 S.
931 3600 1162 3656 Scripturae,
1191 3613 1291 3655 quos

373 3655 616 3696 adduxerint
640 3657 703 3697 vel
729 3670 752 3697 e
780 3656 998 3710 longinquo
1023 3655 1294 3719 responderet.

381 3709 548 3764 Spiritui
588 3711 737 3751 Sancto
778 3711 1011 3775 praesertim,
1045 3725 1094 3752 ne
1131 3710 1293 3751 omnino

374 3771 646 3819 praetereatur,
681 3766 794 3807 sedes
829 3766 870 3807 in
909 3779 1000 3807 aere
1037 3766 1290 3821 assignatur·
1278 3797 1291 3816 ,

1292 1229 1329 1291 θ,
1344 1225 1579 1295 pulchra
1597 1243 1765 1296 opera
1789 1231 1914 1290 tua3
1954 1224 2052 1278 sed
2078 1232 2261 1278 tamen

1341 1399 1465 1441 quare
1491 1399 1584 1426 vero
1613 1393 1866 1435 memoretur,
1888 1386 2003 1426 nulla
2030 1385 2111 1425 alia
2139 1398 2261 1426 causa

1341 1442 1382 1482 in
1413 1449 1598 1496 promptu
1630 1450 1701 1490 est,
1721 1456 1812 1482 cum
1845 1443 1894 1482 de
1917 1441 2148 1482 muneribus
2174 1442 2266 1496 ejus

1341 1497 1435 1537 ullis
1453 1497 1614 1537 omnino
1634 1498 1808 1538 sileatur.

1397 1559 1415 1580 e
1445 1553 1561 1594 Οὗτοι
1590 1553 1651 1593 τᾶν
1680 1553 1782 1596 ἥλιον
1810 1554 1878 1593 καὶ
1908 1553 1974 1597 τὴν
1995 1553 2147 1596 σελήνην
2167 1552 2262 1597 θεοὺς

1342 1609 1572 1659 baptizatam,
1604 1610 1696 1649 oro-r}
1730 1610 1797 1660 μὲν
1833 1610 1946 1648 αὖα-ὂν
1975 1609 2261 1652 ἀποκαλοῦντες

1344 1665 1513 1716 Χριστὸν·
1547 1666 1639 1704 ποτὲ
1668 1663 1703 1704 δί
1735 1669 1855 1705 πλοῖα
1887 1665 2062 1716 λίγοντες
2085 1663 2170 1704 εἶναι
2191 1665 2262 1707 τὰς

1344 1738 1416 1759 «των
1455 1721 1717 1761 τιλιυτῶντων
1756 1722 1900 1773 ψυχὰς
1941 1720 2020 1760 ἀπο
2061 1738 2127 1764 της
2168 1720 2262 1763 ὅλης

1341 1777 1571 1827 μετάγοντα
1607 1777 1694 1831 πρὸς
1722 1794 1767 1816 το
1802 1778 1889 1828 φως.
1930 1794 2028 1816 ουτω
2064 1778 2142 1830 ’γάρ
2175 1785 2264 1826 φησι

1346 1849 1456 1871 κατα
1496 1831 1602 1887 μίξας
1642 1850 1709 1876 της
1742 1848 1851 1887 τονηο
1854 1835 1899 1876 ἇς
1930 1833 2264 1872 ἀπαλλάττεσθαι

1346 1888 1523 1941 κράσεως
1583 1888 1655 1927 Καὶ
1686 1906 1752 1931 την
1771 1888 1923 1932 σελήνην
1951 1886 1986 1927 Bi
2013 1885 2180 1937 μηνοειδῆ
2198 1904 2265 1926 και

1344 1941 1549 1995 Saxonum!
1579 1943 1742 1994 γίνεσθαι
1776 1947 1831 1996 «τῷ
1860 1944 2055 1984 mirovaeus
2098 1960 2162 1982 και
2193 1960 2264 1985 τας

1346 1998 1547 2050 omer-othei}
1562 2000 1706 2051 ψυχὰς
1725 2001 1803 2038 ἀπὸ
1819 2001 1885 2047 μὲν
1899 2017 1965 2043 της
1987 1999 2079 2043 ὅλης
2102 1999 2265 2048 λαμβά-

1348 2071 1424 2101 νειν,
1456 2054 1696 2095 ἀποτίθεσθαι
1729 2054 1764 2095 δε
1798 2056 1845 2099 εἷς
1876 2054 1921 2095 «τὸ
1949 2056 2036 2105 φως·
2070 2056 2136 2093 καὶ
2168 2072 2266 2093 ουτω

1347 2110 1457 2150 κατὰ
1473 2111 1609 2166 βραχυ
1628 2113 1693 2155 τῆς
1717 2113 1875 2166 πονηρᾶς
1891 2128 1934 2150 το
1948 2121 2022 2162 φως
2042 2111 2266 2149 ἀπαλλάτ-

1349 2168 1473 2206 τεσθαι
1487 2167 1600 2229 κςῶσ.
1589 2184 1665 2210 ..ως
1682 2166 1919 2206 Theodoret.
1928 2166 2034 2206 Haer.
2050 2167 2079 2205 F
2084 2165 2186 2205 abl.
2196 2167 2268 2205 27·

1347 2223 1433 2262 Vos
1460 2222 1492 2261 si
1520 2221 1706 2275 spiritalis
1733 2229 1853 2275 atque
1880 2220 2140 2275 intelligibilis
2169 2220 2266 2260 boni

1346 2276 1508 2317 caritate
1526 2289 1574 2316 ac
1603 2290 1683 2316 non
1713 2276 1977 2330 corporalium
2008 2277 2265 2339 phantasma-

1344 2339 1429 2372 tum
1460 2331 1675 2386 cupiditate
1709 2332 1910 2378 arderetis,
1945 2339 1990 2372 ut
2023 2331 2101 2372 cito
2134 2331 2267 2372 dicam

1344 2388 1454 2441 quod
1494 2388 1543 2428 de
1581 2387 1692 2427 vobis
1734 2387 1975 2427 notissimum
2025 2394 2098 2434 est,
2141 2387 2266 2428 solem

1345 2442 1463 2483 istum
1506 2455 1740 2497 corporeum
1774 2456 1853 2482 non
1894 2456 1964 2497 pro
2000 2442 2132 2482 divina
2172 2443 2266 2483 sub-

1345 2498 1503 2545 stantia,
1533 2505 1572 2538 et
1608 2511 1679 2552 pro
1714 2498 1915 2552 sapientiae
1949 2498 2041 2538 luce
2072 2497 2266 2537 coleretis.

1351 2553 1459 2607 Aug.
1479 2567 1517 2594 c.
1540 2554 1677 2593 Faust.
1698 2553 1727 2594 1.
1750 2567 1789 2594 v.
1810 2554 1878 2593 fin.
1911 2554 2005 2593 Non
2036 2560 2181 2592 norunt
2204 2553 2266 2593 isti

1348 2608 1481 2649 lucem
1521 2607 1594 2648 nisi
1631 2622 1751 2663 quem
1782 2609 1934 2649 carneis
1962 2608 2090 2648 oculis
2118 2608 2267 2648 vident.

1347 2664 1400 2703 Et
1427 2664 1515 2704 ideo
1543 2663 1658 2704 istum
1688 2664 1931 2705 solem—isti
1957 2665 2012 2704 sic
2041 2664 2195 2710 colunt,
2225 2670 2270 2703 ut

1347 2719 1586 2773 particulam
1611 2719 1747 2760 dicant
1765 2733 1848 2760 esse
1867 2718 1967 2760 lucis
1986 2718 2091 2759 illius
2116 2719 2155 2758 in
2187 2732 2268 2773 qua

1346 2774 1640 2814 habitatDeus.
1675 2775 1724 2815 de
1746 2775 1854 2815 Gen.
1875 2789 1914 2815 c.
1936 2776 2050 2814 Man.
2074 2774 2104 2815 l.
2124 2773 2149 2813 i.
2170 2788 2206 2814 c.
2225 2775 2267 2814 3.

1349 2830 1533 2870 Carnalis
1570 2836 1699 2869 vestra
1736 2829 1920 2883 cogitatio
1958 2830 2058 2869 adeo
2096 2842 2120 2868 a
2169 2829 2267 2868 locis

1350 2884 1622 2947 corporalibus
1642 2898 1719 2924 non
1749 2884 1909 2931 recedit,
1929 2891 1973 2923 ut
1998 2883 2120 2924 solem
2152 2883 2267 2924 illum

1349 2938 1539 3001 visibilem
1562 2952 1609 2979 ac
1630 2952 1699 2993 per
1720 2938 1794 2978 hoc
1815 2952 2065 2994 corporeum,
2086 2939 2154 2992 qui
2171 2952 2267 2979 con-

1348 2994 1463 3035 tineri
1493 2993 1567 3034 nisi
1601 2994 1797 3048 corporali
1831 2994 1920 3034 loco
1950 3008 2029 3033 non
2059 3002 2199 3048 potest,
2228 3002 2268 3035 et

1350 3049 1485 3090 Deum
1510 3057 1548 3090 et
1576 3057 1727 3102 partem
1752 3049 1829 3089 Dei
1850 3062 1932 3090 esse
1959 3049 2116 3090 dicatis.
2142 3064 2178 3090 c.
2198 3052 2267 3090 Se-

1347 3104 1514 3144 cundin.
1551 3104 1737 3144 Manich.
1773 3117 1807 3143 c.
1839 3106 1905 3144 20.
1977 3105 2113 3145 Primo
2142 3106 2267 3145 solem

1347 3159 1479 3199 navim
1497 3158 1701 3221 quandam
1722 3172 1806 3199 esse
1825 3159 1976 3209 dicitis3
2008 3160 2152 3201 deinde
2173 3174 2267 3200 cum

1345 3215 1524 3255 omnium
1560 3214 1687 3254 oculis
1723 3214 1915 3255 rotundus
1959 3215 2161 3269 effulgeat,
2200 3229 2269 3256 vos

1346 3283 1440 3310 eum
1487 3269 1730 3323 triangulum
1779 3283 1863 3310 esse
1901 3270 2128 3325 perhibetis,
2169 3270 2194 3311 i.
2228 3284 2266 3312 e.

1347 3339 1416 3380 per
1442 3325 1647 3388 quandam
1676 3324 1914 3378 triangulam
1944 3326 2038 3366 coeli
2056 3325 2267 3366 fenestram

1350 3381 1482 3421 lucem
1523 3379 1638 3420 istam
1679 3381 1830 3420 mundo
1870 3381 2060 3435 terrisque
2095 3382 2266 3422 radiare.

1350 3435 1414 3475 Ita
1447 3435 1491 3475 fit
1518 3435 1753 3475 ut-—nescio
1783 3449 1905 3499 quam
1941 3437 2072 3476 navim
2109 3451 2179 3491 per
2207 3437 2265 3476 fo-

1349 3503 1486 3531 ramen
1525 3490 1767 3544 triangulum
1809 3491 2022 3532 micantem
2053 3499 2173 3546 atque
2204 3491 2266 3532 lu-

1348 3552 1520 3594 centem,
1546 3558 1669 3600 quam
1704 3546 1915 3586 confictam
1949 3546 2140 3601 cogitatis,
2171 3547 2267 3586 ado-

1345 3600 1450 3641 retis.
1492 3614 1529 3640 c.
1568 3602 1704 3640 Faust.
1740 3601 1767 3641 l.
1799 3616 1869 3642 xx.
1899 3615 1936 3642 e.
1966 3603 2008 3642 6.
2061 3602 2265 3655 Quidquid

1346 3669 1440 3696 vero
1460 3655 1635 3710 undique
1655 3663 1846 3711 purgatur
1867 3656 2043 3705 luminis,
2061 3670 2132 3711 per
2149 3669 2267 3710 quas-

1347 3711 1440 3751 dam
1473 3723 1612 3757 naves‚
1644 3724 1745 3765 quas
1774 3725 1857 3753 esse
1894 3711 2031 3752 lunam
2068 3718 2108 3751 et
2141 3711 2266 3751 solem

1349 3766 1502 3815 volunt,
1521 3777 1642 3820 regno
1666 3767 1761 3817 Dei,
1779 3774 1982 3821 tamquam
2013 3765 2177 3822 propriis
2205 3779 2265 3806 se-

2366 406 2378 599 i
