2378 4134
172 551 275 593 Luc.
294 552 358 597 15,

172 607 241 647 16.

175 1253 293 1294 Prov.
311 1254 352 1299 9,

177 1310 241 1348 18.

175 1866 295 1905 Prov.
322 1866 365 1914 9,

177 1922 352 1962 13—17.

220 2220 253 2259 V
263 2218 326 2258 II.

176 2275 340 2314 Doctri-

176 2344 228 2369 na
244 2331 339 2369 Ma-

175 2385 354 2426 111011660-

376 234 446 285 34
849 234 903 299 S.
946 234 1390 290 AUGUSTINI
1429 237 1791 292 EPISCOPI

456 369 539 418 11.
582 366 699 421 Ubi
738 385 867 436 ergo
910 367 1047 422 mihi
1088 377 1218 423 111110
1264 387 1401 435 eras,
1439 376 1495 423 et
1535 389 1702 441 quam
1739 369 1943 440 longe?
1995 370 2074 444 Et
2110 371 2276 440 longe

375 454 761 525 peregrinabar
787 456 886 508 abs
911 462 985 520 te,
1012 457 1273 509 exclusus
1307 462 1363 509 et
1395 475 1429 510 a
1466 456 1680 528 siliquis
1704 476 2013 528 porcorum,
2041 476 2182 529 quos
2207 457 2278 510 de

378 541 591 613 siliquis
617 542 930 612 pascebam.
1010 542 1230 603 Quanto
1266 543 1412 596 enim
1444 543 1695 598 meliores
1722 545 2195 613 grammaticorum
2221 551 2280 598 et

375 635 663 699 poetarum
688 628 920 693 fabellae,
943 648 1107 699 quam
1133 629 1229 683 illa
1256 628 1542 700 decipula!
1596 632 1743 684 Nam
1771 650 1955 685 versus
1980 638 2035 685 et
2060 650 2278 685 carmen

378 723 433 770 61
457 716 660 769 Medea
684 717 878 769 volans
903 715 1150 768 utiliores
1177 722 1339 781 certe,
1362 718 1528 787 quam
1555 717 1799 788 quinque
1816 719 2111 771 elementac
2130 718 2278 771 varie

377 803 576 867 fucata,
602 808 826 873 propter
860 802 1105 873 quinque
1143 810 1298 855 antra
1331 803 1694 869 tenebrarum,
1722 824 1846 876 quae
1875 805 2099 858 omnino
2125 806 2281 859 nulla.

380 897 523 955 sunt,
551 898 605 942 et
630 889 892 942 occidunt
925 888 1250 942 credentem.
1331 891 1475 942 Nam
1514 908 1731 944 versum
1765 899 1820 944 61
1857 909 2076 945 carmen
2113 891 2278 945 etiam

377 978 448 1032 ad
474 994 599 1030 vera
623 974 940 1046 pulmenta*
972 977 1251 1030 transfero,
1339 979 1629 1032 Volantem
1666 987 1846 1033 autem
1879 981 2139 1034 Medeam
2177 981 2279 1035 etsi

378 1067 683 1131 cantabam,
710 1083 822 1116 non
850 1067 1190 1131 asserebam3
1231 1068 1334 1120 etsi
1370 1068 1578 1122 cantari
1614 1068 1922 1134 audiebam,
1947 1088 2059 1122 non
2095 1069 2278 1123 crede-

375 1153 533 1204 bam:
574 1153 672 1204 illa
698 1160 879 1205 autem
907 1151 1130 1205 credidi.
1197 1155 1316 1219 Vae,
1342 1174 1425 1208 vae
1446 1152 1457 1206 ἴ
1501 1156 1702 1226 quibus
1725 1155 1983 1224 gradibus
2005 1156 2277 1210 deductus

378 1257 497 1290 sum
522 1240 583 1290 in¹
601 1239 893 1309 profunda
918 1241 1091 1310 inferi
1110 1238 1137 1290 ‚9
1182 1241 1405 1311 Quippe
1431 1242 1687 1295 laborans
1723 1251 1778 1296 et
1817 1250 2054 1296 aestuans
2090 1243 2282 1314 inopia

377 1325 507 1391 veri,
528 1344 652 1378 011111
679 1333 749 1390 16,
778 1325 935 1378 Deus
962 1345 1116 1378 meus
1147 1325 1267 1390 (tibi
1296 1328 1440 1380 enim
1470 1328 1751 1394 confiteor,
1774 1330 1870 1400 qui
1889 1349 1976 1383 me
1996 1330 2283 1383 miseratus

378 1434 437 1468 es
463 1421 518 1467 et
540 1414 786 1467 nondum
822 1415 1215 1484 confitentem),
1243 1434 1369 1469 cum
1397 1423 1449 1469 te
1475 1435 1587 1468 non
1615 1417 1917 1471 secundum
1943 1419 2280 1472 intellectum

377 1501 594 1566 mentiS,
614 1521 722 1572 quo
750 1521 836 1554 me
863 1510 1120 1572 praestare
1146 1503 1367 1557 voluisti
1387 1504 1603 1571 belluis,
1626 1505 1723 1558 sed
1740 1505 2041 1559 secundum
2061 1524 2282 1559 sensum

381 1590 559 1642 carnis
587 1607 900 1659 quaererem.
981 1590 1069 1642 Tu
1095 1596 1276 1643 autem
1304 1609 1421 1642 eras
1455 1591 1679 1644 interior
1711 1592 1907 1645 intimo
1942 1611 2083 1657 11160,
2111 1600 2165 1646 61
2192 1611 2282 1645 311-

379 1675 559 1745 perior
598 1694 810 1728 summo
845 1675 1019 1729 meo‘¹.
1100 1676 1322 1729 Offendi
1357 1675 1542 1730 illam*
1573 1679 1855 1731 mulierem
1890 1679 2171 1744 audacem,
2198 1681 2282 1732 in-

381 1781 543 1832 opem
581 1762 904 1832 prudentiae,
942 1763 1183 1832 aenigma
1222 1764 1550 1830 SalomoniS,
1584 1765 1861 1819 sedentem
1896 1785 2059 1837 super
2092 1768 2282 1820 sellam

379 1850 438 1901 in
488 1849 714 1915 foribuS,
758 1856 813 1902 et
856 1849 1157 1903 dicentem:
1223 1851 1406 1903 Panes
1457 1854 1693 1905 occultos
1742 1853 1976 1907 libenter
2019 1855 2184 1920 edite,
2228 1860 2283 1906 et

378 1956 585 2007 aquam
622 1935 834 1989 dulcem
856 1938 1144 2007 furtivam
1184 1936 1366 1990 bibite.
1445 1938 1583 1998 Quae
1623 1958 1711 1992 me
1749 1940 1988 2005 seduxit,
2027 1941 2158 2011 quia
2199 1941 2282 1993 in-

379 2024 529 2077 venit
555 2024 686 2076 foris
714 2024 1055 2076 habitantem
1093 2024 1151 2075 in
1187 2026 1346 2076 oculo
1383 2026 1561 2078 carnis
1587 2045 1742 2092 meae,
1770 2034 1825 2079 et
1850 2027 1982 2081 talia
2007 2029 2284 2081 ruminan-

379 2120 488 2165 tem
515 2112 663 2182 apud
688 2132 793 2178 me,
822 2114 1006 2183 qualia
1032 2132 1129 2183 per
1154 2112 1346 2165 illum*
1373 2132 1664 2167 vorassem.

460 2203 541 2251 1⁶2.
585 2201 917 2253 Nesciebam
949 2201 1095 2252 enim
1122 2200 1274 2253 aliud
1298 2219 1423 2253 vere
1452 2201 1602 2271 quod
1632 2208 1746 2266 est3
1787 2208 1842 2255 et
1875 2202 2032 2274 quasi
2067 2203 2285 2255 acutule

383 2286 643 2339 movebar
668 2293 729 2339 ut
755 2289 1076 2355 suffragarer
1102 2287 1281 2339 stultis
1317 2286 1722 2358 deceptoribUS,
1751 2307 1877 2341 cum
1905 2309 1937 2343 a
1962 2309 2049 2342 me
2078 2308 2285 2360 quaere-

382 2379 502 2425 rent
527 2373 674 2426 unde
701 2375 907 2426 malum
922 2373 973 2426 e?
1017 2381 1071 2427 et
1096 2381 1278 2426 utrum
1298 2373 1471 2427 forma
1491 2393 1753 2444 corporea
1777 2375 1933 2429 Deus
1960 2375 2207 2428 finiretur
2232 2382 2287 2428 et

439 2508 459 2530 Β
490 2503 616 2543 Juxta
647 2517 770 2543 unam
801 2502 894 2543 ver&
928 2510 1080 2558 partem
1113 2516 1161 2543 60
1197 2503 1301 2544 latus
1357 2517 1484 2552 mum,
1515 2504 1697 2545 novimus
1730 2504 1850 2545 etiam
1882 2505 2087 2554 animalia,
2120 2519 2284 2560 serpen-

382 2558 542 2599 illustris
563 2559 668 2598 illius
688 2572 735 2599 60
757 2566 907 2599 sanctae
937 2567 1051 2599 terrae
1080 2566 1166 2599 erat
1193 2566 1303 2599 tene-

382 2614 545 2654 brarum
569 2622 673 2654 terra
702 2614 900 2668 profunda
919 2622 957 2654 et
976 2614 1168 2655 immensa
1193 2627 1304 2667 mag-

383 2669 575 2714 nitudine,
590 2669 627 2708 in
646 2683 727 2723 qua
741 2670 980 2710 habitabant
994 2670 1109 2723 ignea
1121 2683 1304 2723 corpora,

383 2738 530 2777 genera
568 2725 720 2765 scilicet
757 2725 952 2779 pestifera.
1016 2725 1091 2765 Hic
1141 2725 1303 2765 infinitae

383 2780 575 2826 tenebrae,
596 2794 644 2819 ex
672 2781 810 2820 eadem
840 2787 1048 2820 manantes
1075 2787 1216 2821 natura
1243 2780 1305 2819 in-

385 2833 638 2874 aestimabiles
674 2849 766 2874 cum
806 2834 971 2889 propriis
1005 2836 1163 2882 fetibus,
1200 2835 1306 2875 ultra

385 2903 486 2942 quas
505 2896 618 2929 erant
637 2903 753 2943 aquae
775 2903 942 2930 caenosae
960 2903 1008 2930 60
1023 2890 1193 2930 turbidae
1211 2904 1304 2930 cum

384 2944 465 2984 suis
521 2944 868 2990 inhabitatoribus,
919 2959 1089 2999 quarum
1145 2945 1309 2986 interius

384 2999 491 3039 venti
517 2999 726 3039 horribiles
754 3012 801 3039 60
831 2999 1084 3040 vehementes
1113 3014 1204 3040 cum
1235 3014 1307 3040 suo

386 3054 565 3109 principe
599 3061 638 3094 et
672 3054 928 3107 genitoribus.
987 3056 1166 3095 Rursum
1202 3055 1307 3109 regio

384 3111 502 3164 ignea
523 3117 564 3149 et
582 3109 847 3161 corruptibilis
867 3124 958 3150 cum
981 3110 1060 3150 suis
1079 3109 1250 3150 ducibus
1269 3117 1308 3151 et

386 3164 629 3205 nationibus.
691 3164 783 3204 Pari
820 3179 929 3205 more
964 3165 1174 3206 introrsum
1207 3179 1304 3219 gens

385 3220 569 3274 caliginis
587 3233 634 3260 ac
657 3219 754 3260 fumi
774 3220 908 3274 plena,
922 3220 963 3260 in
980 3234 1061 3275 qua
1076 3221 1306 3261 morabatur

385 3275 570 3316 immanis
578 3275 767 3338 princeps
780 3275 958 3316 omnium
981 3283 1020 3316 et
1036 3276 1135 3325 dux,
1154 3275 1306 3316 habens

387 3332 496 3371 circa
515 3344 555 3371 se
575 3331 888 3371 mnumerabiles
903 3331 1118 3386 principes,
1134 3345 1305 3385 quorum

386 3385 564 3426 omnium
587 3386 671 3440 ipse
688 3393 774 3427 erat
787 3399 899 3427 mens
917 3393 1037 3440 atque
1056 3386 1164 3440 origo
1182 3403 1191 3427 ε
1224 3386 1307 3426 hae-

387 3454 466 3494 que
486 3441 650 3482 suerunt
668 3448 820 3482 naturae
842 3441 1018 3495 quinque
1047 3448 1159 3481 terrae
1189 3441 1306 3496 pesti-

388 3496 496 3537 ferae.
511 3495 696 3537 Manich.
712 3510 780 3551 ap.
796 3498 904 3551 Aug.
919 3511 955 3538 0.
977 3498 1052 3551 Ep.
1066 3496 1306 3543 Manichaei,

389 3565 425 3591 0.
466 3554 528 3593 15.
594 3552 785 3607 Quinque
821 3560 937 3592 antra
965 3551 1091 3605 gentis
1120 3553 1304 3593 tenebra·

388 3619 474 3646 rum
517 3620 610 3647 cum
649 3607 731 3648 suis
762 3607 1050 3648 habitatoribus
1083 3607 1125 3648 in
1159 3607 1306 3660 quibus

389 3660 611 3702 Manichaei
630 3662 911 3717 phantasmata
930 3662 1103 3704 veritatis
1130 3662 1206 3704 sibi
1234 3676 1306 3703 no-

387 3728 480 3755 men
501 3729 597 3756 ausa
615 3724 708 3757 sunt
726 3731 919 3773 usurpare
940 3717 1020 3772 (ib.
1041 3718 1174 3769 c.18.)
1196 3718 1307 3759 novi-

392 3783 480 3810 mus
508 3772 705 3818 tenebras,
735 3785 876 3826 aquas,
906 3779 1057 3820 ventos,
1078 3772 1226 3827 ignem,
1244 3772 1307 3813 su-

1360 2558 1427 2607 tia‚
1461 2562 1652 2607 natantia,
1683 2560 1861 2600 volantia
1895 2561 2187 2616 quadrupedia,
2217 2560 2279 2601 bi-

1360 2613 1494 2669 pedia,
1528 2615 1606 2670 (ib.
1637 2629 1674 2656 c.
1705 2615 1799 2667 31.)
1860 2617 2052 2671 Quinque
2086 2617 2285 2657 elementa

1361 2684 1452 2724 quae
1482 2678 1706 2724 genuerunt
1737 2671 1934 2727 principes
1963 2671 2152 2726 proprios,
2180 2671 2286 2725 genti

1360 2726 1540 2766 tribuunt
1558 2728 1812 2767 tenebrarum
1829 2743 1839 2775 ;
1872 2741 2000 2782 eaque
2014 2728 2212 2768 elementa
2227 2726 2287 2767 his

1362 2781 1590 2822 nominibus
1617 2789 1869 2837 nuncupant,
1893 2782 2064 2829 fumum,
2087 2783 2286 2830 tenebras,

1361 2836 1511 2889 ignem,
1542 2850 1707 2891 aquam,
1729 2845 1906 2878 ventum.
1965 2839 2014 2876 In
2046 2837 2156 2878 furno
2186 2845 2283 2877 nata

1364 2891 1554 2932 animalia
1587 2891 1761 2946 bipedia,
1791 2892 1897 2932 unde
1926 2891 2108 2933 homines
2136 2893 2283 2933 ducere

1364 2946 1554 2999 originem
1586 2954 1762 2993 censent,
1801 2947 1841 2987 in
1869 2947 2040 2987 tenebris
2070 2948 2284 3001 serpentia,

1363 3000 1406 3040 in
1428 3001 1516 3055 igne
1535 3002 1825 3056 quadrupedia,
1846 3001 1887 3041 in
1907 3002 2031 3056 ‘aquis
2053 3003 2218 3051 natalia,
2244 3003 2285 3042 in

1364 3064 1481 3096 vento
1502 3056 1692 3096 volatilia.
1724 3058 1774 3097 de
1796 3057 1951 3097 Haeres.
1972 3071 2011 3098 0.
2031 3059 2099 3098 46.

1422 3111 1442 3141 ‘¹
1475 3111 1571 3151 Vid.
1594 3113 1642 3151 L.
1664 3111 1732 3152 vii.
1755 3125 1792 3152 c.
1817 3114 1884 3152 10.
1916 3113 1964 3152 L.
1985 3126 2025 3153 x.
2046 3127 2084 3153 0.
2107 3115 2147 3153 7.

1415 3171 1434 3194 e
1455 3167 1598 3207 Euon.
1619 3167 1699 3207 Dic
1715 3167 1812 3206 mihi
1825 3167 1932 3207 unde
1944 3168 2050 3208 male
2068 3167 2288 3208 faciamus?

1374 3222 1488 3263 Auo.
1520 3223 1619 3262 Eam
1644 3222 1901 3276 quaestionem
1922 3236 2071 3268 moves,
2102 3237 2192 3277 quae
2222 3236 2287 3263 me

1361 3278 1575 3318 admodum
1593 3277 1884 3318 adolescentem
1901 3278 2159 3319 vehementer
2174 3291 2287 3318 exer-

1362 3333 1460 3380 cuit,
1493 3339 1534 3372 et
1570 3331 1777 3386 fatigatum
1811 3332 1852 3372 in
1889 3332 2096 3375 haereticos
2128 3333 2287 3387 impulit

1364 3395 1484 3443 atque
1499 3387 1660 3442 dejecit.
1710 3389 1804 3436 Quo
1820 3401 1916 3428 casu
1931 3388 1986 3428 ita
1999 3403 2087 3430 sum
2099 3388 2286 3437 afflictus,

1363 3450 1403 3483 et
1431 3443 1548 3483 tantis
1585 3443 1752 3483 obrutus
1779 3443 1931 3484 acervis
1964 3444 2142 3485 inanium
2169 3443 2287 3484 fabu-

1362 3498 1509 3542 larum.
1531 3505 1575 3538 ut
1592 3497 1665 3538 nisi
1694 3498 1791 3538 mihi
1821 3511 1932 3539 amor
1960 3498 2186 3540 inveniendi
2203 3498 2286 3539 veri

1362 3567 1477 3608 opem
1524 3553 1700 3594 divinam
1747 3553 2050 3608 impetravisset,
2086 3567 2287 3607 emergere

1361 3608 1468 3656 inde,
1495 3617 1615 3663 atque
1646 3607 1688 3648 in
1719 3607 1844 3663 ipsam
1881 3609 2050 3663 primam
2079 3607 2287 3664 quaerendi

1362 3663 1585 3704 libertatem
1618 3662 1808 3719 respirare
1847 3677 1930 3705 non
1961 3677 2133 3720 possem.
2177 3663 2287 3717 Aug.

1363 3719 1414 3760 de
1431 3719 1525 3759 Lib.
1548 3718 1674 3759 Arbit.
1695 3719 1724 3761 l.
1742 3719 1771 3762 i.
1792 3733 1831 3760 c.
1850 3720 1894 3760 2.
