2378 4134
237 190 342 239 314

293 325 486 381 idipsum,
506 325 608 366 228.
646 322 775 381 Apud
793 337 887 367 eum
913 336 1047 366 rerum
1076 337 1162 366 om-

294 384 409 424 nium
429 379 678 422 instabilium
699 386 809 422 stant
836 392 992 422 caussae
1016 379 1164 421 immu-

295 436 455 484 tabiles,
497 442 539 477 et
585 436 844 478 mutabilium
890 434 1168 477 immutabiles

295 499 463 533 manent
491 491 679 547 origines,
696 498 739 533 et
764 491 1099 533 irrationabilium
1125 498 1169 532 et

295 547 579 602 temporalium
624 547 878 603 sempiternae
914 545 1059 588 vivunt
1101 559 1166 587 ra-

295 603 441 652 tiones,
463 605 505 644 5.

243 658 373 700 Βευε
394 659 794 711 incomprehensibilis,
815 660 859 701 2.
898 656 1010 707 Quid
1035 657 1086 698 sit
1104 657 1165 697 in-

297 727 444 755 vocare
465 715 620 763 Deum,
645 717 685 765 l,
703 717 746 756 2.

242 771 333 811 Dat
351 773 611 812 misericordia
629 771 752 812 etiam
767 767 914 810 sanctis
927 767 1164 816 necessaria,

297 828 366 868 25.
404 827 522 868 Deus
541 834 600 867 est
620 826 751 867 dulcis
769 830 883 880 pater
901 823 1056 864 donans
1076 838 1165 864 mu-

296 895 409 930 nera,
437 882 593 923 dulcior
622 882 854 923 condonans
879 886 1061 933 peccata,
1098 881 1164 920 15.

296 937 469 993 percutit
500 945 547 978 ut
582 943 711 985 sanet,
749 942 789 977 et
827 934 976 975 occidit
1007 949 1080 976 nos
1113 948 1164 977 ne

297 993 532 1040 moriamur,
557 994 622 1033 19.

243 1049 371 1089 Deus
390 1056 630 1100 peccatorum
650 1049 861 1094 ordinator,
882 1048 924 1096 9,
944 1052 985 1086 et
1006 1059 1046 1086 n.

241 1105 332 1145 Dar
356 1107 527 1156 potentia
555 1113 591 1144 et
621 1104 698 1144 Dei
725 1104 904 1144 voluntas
933 1103 1049 1143 Deus
1082 1102 1169 1158 ipse

296 1166 370 1204 est,
386 1161 481 1201 107.
505 1161 619 1200 Deus
631 1159 790 1199 nullum
806 1158 929 1198 habet
942 1157 1168 1208 dominum,

300 1216 393 1257 197.
438 1216 534 1257 Sine
555 1215 680 1270 typho
699 1215 942 1262 dominatur,
963 1213 1019 1253 ib.

242 1271 370 1312 Deus
389 1274 694 1323 promissionibus
714 1270 792 1311 suis
813 1270 858 1310 fit
876 1269 1049 1317 debitor,
1070 1270 1138 1311 74.

243 1327 334 1368 Dm
381 1329 625 1379 providentia
660 1326 847 1367 omnibus
885 1326 990 1366 bene
1026 1325 1165 1374 utitur,

299 1383 420 1423 etiam
453 1397 584 1424 errore
615 1382 839 1430 hominum,
877 1383 944 1422 11.
990 1382 1169 1436 nequitia

298 1445 573 1494 peccatorum,
615 1440 708 1480 158.
767 1438 834 1478 Sic
874 1443 990 1478 curat
1021 1451 1169 1479 unum·

298 1508 501 1550 quemque
509 1502 685 1536 nostrum
698 1501 891 1546 tanquam
901 1493 1030 1534 solum
1043 1500 1169 1542 curet,

297 1558 339 1591 et
354 1550 410 1591 sic
429 1564 583 1600 omnes,
604 1557 813 1604 tamquam
833 1549 1025 1604 singulos,
1046 1551 1116 1591 42.

245 1607 336 1647 Dm
356 1608 595 1658 pulcritudo.
627 1607 696 1647 Ab
708 1620 757 1647 ea
776 1605 905 1646 omnis
923 1605 1165 1659 pulcritudo,

303 1663 394 1702 194.
426 1677 500 1704 sua
519 1662 776 1717 pulchritudo
788 1668 829 1703 et
843 1675 918 1702 sua
934 1661 1166 1716 magnitudo

301 1718 414 1758 Deus
432 1718 517 1774 ipse
536 1725 608 1766 est,
628 1719 698 1758 61.

244 1774 372 1815 Dans
391 1787 547 1828 semper
565 1777 729 1827 quietus,
748 1786 822 1813 sua
850 1771 964 1826 quies
986 1771 1073 1826 ipse
1093 1778 1166 1821 est,

298 1830 396 1870 280.
435 1829 603 1884 Semper
620 1835 806 1884 operatur
825 1835 864 1868 et
880 1841 1036 1882 semper
1053 1827 1166 1880 quie-

299 1885 389 1933 scit,
418 1887 516 1927 279.
551 1885 710 1926 Animae
737 1884 852 1924 nulla
877 1883 989 1936 quies
1019 1882 1093 1923 nisi
1125 1884 1165 1923 in

300 1941 406 1990 Deo,
422 1945 491 1983 55.
524 1940 733 1991 Quaerenti
746 1940 842 1994 quid
861 1939 1035 1979 faciebat
1053 1940 1166 1979 Deus

299 2006 392 2038 ante
422 1998 574 2038 coelum
607 2005 647 2038 et
676 2004 838 2044 terram,
859 1994 958 2049 quid
991 1995 1167 2050 responsi

300 2053 505 2102 reddatur,
526 2055 624 2093 212.

245 2108 373 2150 Dans
407 2108 712 2150 misericorditer
742 2111 868 2153 saevit,
900 2106 1166 2147 amaritudine

299 2178 513 2219 aspergens
529 2165 691 2205 illicitas
705 2163 994 2218 jocunditates,
1015 2164 1080 2208 19,
1102 2164 1165 2212 13,

298 2221 369 2260 27.
408 2220 658 2273 Infatigabili
683 2220 772 2273 lege
802 2219 954 2274 spargit
982 2219 1166 2272 poenales

299 2276 503 2316 caecitates
521 2289 639 2330 super
650 2275 813 2315 illicitas
827 2274 1078 2328 cupiditates.
1101 2275 1165 2315 16.

301 2332 498 2372 Peccator
515 2345 540 2371 a
560 2332 651 2371 Deo
682 2330 762 2370 leni
793 2338 832 2369 et
858 2331 963 2369 bono
993 2329 1163 2383 fugiens,

298 2387 342 2426 in
378 2389 511 2428 Deum
540 2387 695 2442 justum
716 2394 756 2426 et
775 2398 956 2426 severum
986 2384 1163 2434 incurrit,

246 2500 336 2540 Dur
372 2502 542 2540 scientia.
595 2496 768 2538 Scientia
809 2502 943 2535 nostra
988 2495 1165 2536 scientiae

301 2555 382 2595 Dei
401 2561 648 2610 comparata,
668 2551 894 2606 ignorantia
912 2557 985 2597 est,
1006 2553 1105 2591 208.

245 2611 371 2652 Deus
393 2618 453 2652 est
478 2611 626 2651 Veritas
653 2618 817 2655 aeterna,
838 2621 928 2662 quae
950 2606 1163 2661 grandium

298 2674 358 2707 est
386 2667 512 2714 cibus,
545 2668 636 2706 115.
680 2664 839 2705 Veritas
875 2677 994 2718 super
1028 2663 1162 2703 omnia

299 2722 535 2776 praesidens,
555 2723 652 2761 201.
682 2733 773 2760 cum
807 2719 1015 2760 mendacio
1047 2720 1162 2759 Deus

299 2792 378 2818 non
398 2778 633 2833 possidetur,
654 2776 709 2816 ib.

244 2833 375 2874 Deus
395 2849 541 2874 summa
561 2836 642 2874 vita
661 2839 728 2871 est.
763 2829 849 2884 Ipsi
866 2843 950 2870 esse
970 2837 1010 2869 et
1030 2829 1163 2871 vivere

298 2904 378 2930 non
395 2890 503 2930 aliud
536 2896 656 2942 atque
677 2886 789 2926 aliud
810 2893 884 2934 est,
907 2888 947 2925 5.
988 2886 1062 2925 Est
1082 2886 1165 2925 vita

299 2945 524 2985 animarum
546 2952 585 2985 et
607 2944 688 2983 vita
709 2941 896 2986 vitarum,
918 2942 989 2987 33,
1014 2942 1106 2980 173.

242 3001 329 3041 Dm
362 3002 536 3040 voluntas
563 3007 603 3040 et
634 2997 713 3039 Dei
741 2999 908 3049 potentia
941 2997 1055 3036 Deus
1083 2996 1165 3049 ipse

295 3062 370 3103 est,
397 3058 491 3104 107,
512 3057 609 3095 212.
645 3055 740 3094 Non
760 3059 820 3092 est
845 3059 1040 3097 creatura,
1062 3053 1161 3090 211.

295 3112 428 3152 Semel
449 3111 566 3152 simul
586 3117 626 3150 et
647 3121 801 3162 semper
814 3107 900 3147 vult
916 3106 1051 3146 omnia
1071 3120 1159 3159 quae

293 3167 395 3215 vult,
415 3168 513 3208 233.
556 3167 651 3206 Non
672 3177 774 3204 nova
804 3163 1011 3203 voluntate
1047 3163 1161 3202 Deus

292 3223 443 3263 creavit
469 3221 680 3269 mundum,
700 3220 797 3259 211.
842 3219 1031 3272 Optimus
1061 3218 1161 3257 min-

291 3279 387 3319 ister
413 3279 492 3319 Dei
521 3285 594 3323 est,
616 3277 685 3330 qui
716 3288 795 3314 non
827 3273 951 3326 magis
983 3273 1159 3313 intuetur

292 3334 368 3374 hoc
389 3347 413 3374 a
437 3335 526 3374 Deo
545 3332 684 3372 audire
717 3330 825 3383 quod
857 3329 940 3383 ipse
974 3329 1158 3378 voluerit,

292 3391 361 3429 sed
390 3389 519 3444 potius
548 3389 624 3429 hoc
658 3387 761 3429 velle
789 3386 896 3440 quod
917 3398 941 3424 a
963 3385 1053 3425 Deo
1085 3398 1157 3425 au-

292 3445 423 3493 dierit,
448 3446 540 3485 186.

237 3499 413 3540 Didonis
448 3507 614 3541 mortem
645 3511 688 3538 se
717 3496 872 3537 flevisse
899 3496 1022 3535 deflet
1050 3494 1159 3548 Aug.

236 3609 336 3651 Dies
346 3623 454 3650 nunc
467 3609 610 3650 dicitur
626 3620 737 3648 mora
753 3607 848 3648 solis
859 3619 977 3659 super
994 3612 1153 3655 terrain,

290 3679 399 3706 nunc
418 3679 530 3705 mora
549 3664 670 3704 totius
688 3663 879 3703 circuitus
897 3662 984 3716 ejus
1000 3663 1051 3702 ab
1076 3662 1154 3701 ori-

291 3728 383 3762 ente
405 3722 453 3760 ad
470 3720 678 3769 orientem,
697 3720 796 3758 219.

236 3775 526 3830 Dignationem
546 3788 716 3822 sumere,
738 3775 807 3814 83.

1055 185 1342 237 INDEX.

1223 322 1422 366 Dilectio.
1449 323 1543 366 Vide
1563 323 1708 367 Amor.

1222 379 1412 429 Discere,
1427 380 1542 434 quid,
1561 382 1656 430 176,
1677 381 1719 422 8.
1755 380 1827 422 Ad
1843 378 2055 424 discendas
2069 380 2147 424 lin-

1278 447 1380 488 guas
1396 434 1591 490 majorem
1611 437 1692 478 vim
1713 436 1835 478 habet
1855 436 1985 477 libera
2009 438 2139 479 curio-

1280 489 1392 538 sitas,
1411 504 1535 545 quam
1563 492 1802 534 meticulosa
1831 492 2054 543 necessitas,
2079 494 2144 534 13.

1282 546 1388 594 Quae
1402 545 1446 586 in
1462 548 1578 589 rebus
1591 548 1706 590 vanis
1716 562 1824 603 saepe
1841 547 2000 589 discunt
2014 549 2144 604 pueri,

1279 600 1322 696 ig
1342 602 1463 643 rebus
1477 616 1559 644 non
1578 605 1692 645 vanis
1706 606 1831 646 tutius
1844 602 1946 644 disci
1961 612 2144 659 possunt,

1279 669 1292 695 ι
1326 685 1338 697 .

1224 710 1455 753 Discordia
1474 714 1676 768 quomodo
1703 714 1913 762 sedandae,
1938 715 2030 755 160.
2059 729 2146 757 ma-

1280 767 1388 808 xime
1406 767 1511 810 inter
1530 770 1661 811 virum
1681 778 1723 811 et
1742 783 1926 817 uxorem,
1954 771 2048 811 159.

1223 822 1504 918 Dignationes
1540 826 1920 867 Mathematicorum
1963 825 2146 876 fallaces,

1335 908 1348 926 ,
1369 880 1438 929 48,
1462 882 1556 922 109.

1223 933 1389 975 Divitiae
1410 935 1598 978 dicuntur
1611 935 1771 991 copiosa
1784 935 1932 992 inopia,
1951 939 2016 978 11.
2047 939 2148 979 Om-

1281 989 1345 1029 nis
1380 991 1496 1045 copia
1529 1006 1622 1048 quae
1653 993 1768 1034 Deus
1796 1005 1878 1033 non
1907 999 1966 1034 est
1993 1002 2148 1049 egestas

1280 1052 1355 1091 est,
1374 1048 1473 1087 254.

1227 1099 1357 1141 Dolor
1387 1102 1511 1143 animi
1536 1109 1713 1158 tempore
1743 1103 1905 1151 lenitur,
1935 1106 2005 1144 52.
2048 1118 2148 1145 non·

1283 1157 1420 1198 nullus
1449 1159 1748 1213 approbandus,
1769 1160 1906 1200 nullus
1936 1160 2148 1207 amandus,

1281 1214 1350 1254 28.
1381 1227 1461 1254 non
1481 1221 1610 1269 potest
1630 1228 1713 1256 esse
1730 1215 1805 1256 nisi
1826 1216 1868 1256 in
1897 1215 2049 1256 naturis
2078 1217 2150 1256 bo-

1281 1269 1356 1314 nis,
1387 1271 1483 1317 101,
1515 1284 1557 1311 n.
1611 1270 1773 1311 Animis
1804 1272 1961 1313 nonnisi
1991 1271 2149 1312 dolores

1283 1332 1400 1366 extra
1421 1326 1573 1376 Deum,
1593 1329 1664 1376 52,
1689 1327 1756 1368 53.

1667 1551 1715 1591 E.

1225 1659 1411 1700 Ecclesia
1446 1661 1618 1715 figurata
1653 1669 1713 1703 est
1748 1676 1819 1718 per
1857 1663 1996 1704 mundi
2032 1677 2143 1705 crea-

1278 1715 1443 1766 tionem,
1456 1719 1553 1759 256.
1588 1718 1755 1759 Parvuli
1772 1720 1813 1759 in
1833 1719 1927 1759 nido
1948 1720 2140 1761 Ecclesiae

1278 1772 1534 1826 plumescunt
1560 1780 1600 1814 et
1627 1773 1715 1814 alas
1743 1775 1919 1815 caritatis
1952 1776 2143 1818 alimento

1279 1841 1389 1867 sanae
1423 1828 1518 1869 fidei
1551 1829 1748 1875 nutriunt.
1781 1832 1850 1871 62.
1899 1831 2146 1885 Improbatio

1279 1882 1557 1925 haereticorum
1574 1884 1670 1924 facit
1687 1886 1864 1927 eminere
1881 1886 1980 1940 quid
2000 1886 2145 1928 sentiat

1280 1939 1478 1985 Ecclesia,
1499 1942 1594 1981 121.
1626 1941 1807 1982 Ecclesia
1823 1942 2146 1983 Manichaeorum

1280 2007 1331 2088 {x
1366 1995 1630 2037 Auditoribus
1657 2004 1698 2037 et
1734 1998 1885 2039 Electis
1916 1998 2142 2048 constabat,

1313 2052 1349 2096 l,
1372 2064 1414 2092 n.

1223 2105 1464 2153 Ecclesiam,
1497 2106 1558 2147 bis
1588 2105 1629 2144 in
1663 2106 1742 2154 die,
1763 2121 1882 2149 mane
1914 2116 1953 2149 et
1981 2123 2144 2163 vespere

1278 2162 1475 2202 Mounica
1496 2163 1650 2203 assidue
1669 2164 1870 2212 veniebat,
1891 2166 1961 2206 73.

1223 2216 1355 2256 Electi
1390 2218 1729 2266 Manichaeorum,
1762 2222 1832 2269 41,
1862 2229 1902 2262 et
1936 2234 1975 2261 n.
2011 2221 2077 2267 40,
2100 2233 2142 2262 n.

1278 2274 1347 2318 45,
1369 2279 1408 2313 et
1429 2287 1470 2312 n.
1492 2275 1559 2319 74,
1580 2280 1621 2314 et
1641 2287 1682 2313 n.

1222 2327 1420 2380 Epicurus
1439 2339 1529 2383 post
1546 2335 1713 2368 mortem
1745 2338 1891 2372 restare
1919 2331 2065 2372 animae
2085 2332 2143 2372 vi-

1276 2389 1373 2431 tam,
1396 2392 1435 2424 et
1453 2392 1605 2425 tractus
1625 2385 1853 2427 meritorum
1882 2388 2041 2428 credere
2071 2401 2143 2428 no-

1278 2438 1372 2488 luit,
1396 2442 1490 2480 101.

1223 2494 1368 2548 Epulae
1404 2503 1443 2536 et
1477 2508 1649 2548 synaxes
1684 2497 1735 2537 ad
1771 2498 1993 2539 Memorias
2027 2499 2142 2539 Mar·

1281 2557 1430 2603 tyrum,
1454 2553 1524 2591 83.

1222 2606 1402 2658 Equulei
1422 2614 1461 2648 et
1481 2607 1660 2659 ungulae,
1683 2608 1722 2648 8.

1222 2662 1332 2701 Esau
1346 2662 1541 2717 AEgyptio
1560 2662 1650 2702 cibo
1666 2662 1845 2703 vendidit
1860 2664 2142 2719 primogenita,

1281 2718 1374 2764 114,
1396 2726 1437 2759 et
1456 2733 1495 2763 u.

1221 2773 1295 2812 Est
1317 2787 1409 2814 vere
1439 2774 1481 2814 id
1509 2773 1617 2827 quod
1648 2774 2025 2818 incommutabiliter
2054 2790 2140 2817 ma-

1277 2836 1360 2877 net,
1382 2831 1476 2870 116.
1517 2830 1670 2870 Omnia
1699 2843 1793 2870 vera
1821 2839 1928 2878 sunt,
1950 2832 1992 2872 in
2010 2846 2140 2887 quan-

1276 2890 1361 2923 tum
1399 2892 1506 2934 sunt,
1545 2887 1640 2926 115.
1687 2885 1722 2925 A
1763 2886 1853 2926 Deo
1883 2896 1976 2928 sunt
2005 2889 2140 2928 omnia

1277 2939 1681 2994 inquantumcunque
1701 2949 1806 2988 sunt,
1827 2943 1923 2983 228.

1225 2994 1321 3034 Evae
1342 2997 1628 3050 reliquiarium,
1651 2998 1718 3037 72.

1220 3049 1455 3102 Evangelici
1494 3052 1662 3091 ministri
1701 3051 1850 3092 debent
1885 3066 1969 3093 esse
2010 3052 2136 3092 forma

1273 3104 1461 3146 fidelibus
1481 3107 1668 3154 vivendo,
1689 3108 1786 3146 266.

1221 3159 1475 3202 Eucharistia
1494 3163 1637 3203 dicitur
1659 3161 1981 3202 Communicatio
1996 3162 2138 3201 Domi-

1274 3215 1353 3255 nici
1369 3219 1555 3272 corporis,
1578 3220 1647 3257 84.
1671 3218 1851 3258 Victima
1870 3224 2023 3265 sancta,
2045 3231 2137 3270 quae

1272 3284 1323 3310 ex
1339 3273 1455 3313 altari
1473 3273 1738 3328 dispensatur,
1762 3275 1853 3314 167.
1886 3274 2003 3313 Pretii
2019 3273 2138 3312 nostri

1271 3336 1583 3379 sacramentum,
1612 3329 1669 3369 ib.
1723 3329 1902 3370 Pretium
1935 3335 2134 3375 nostrum,

1271 3385 1380 3435 quod
1400 3391 1428 3407 “
1449 3388 1636 3425 manduco
1665 3392 1701 3425 et
1732 3387 1810 3424 bibo
1836 3393 1871 3424 et
1904 3384 2058 3437 erogo,’'
2079 3383 2138 3423 ait

1270 3438 1380 3493 Aug.
1413 3442 1510 3482 203.
1558 3440 1626 3480 Ad
1657 3439 1878 3480 Memoriae
1910 3439 2139 3493 Martyrum

1272 3495 1469 3536 celebrari
1488 3497 1620 3543 solita,
1637 3497 1706 3543 84,
1723 3497 1791 3543 83,
1814 3509 1852 3534 n.

1218 3549 1394 3591 Evodius
1412 3553 1542 3606 patria
1562 3550 1859 3605 Thagastensis,
1883 3551 1976 3591 156.
2001 3550 2135 3605 Agens

1268 3605 1309 3645 in
1365 3607 1484 3647 rebus
1539 3606 1717 3648 militaus
1775 3607 2019 3647 convertitur
2077 3606 2133 3646 ad

1269 3662 1422 3709 Deum,
1453 3672 1495 3703 et
1521 3668 1613 3702 ante
1642 3663 1784 3716 Augm.
1819 3661 2059 3715 baptizatur.
2078 3662 2131 3701 ib.

1267 3717 1400 3770 Aug0.
1427 3730 1469 3758 se
1501 3717 1655 3758 socium
1690 3717 1730 3757 in
1768 3723 1906 3758 sancto
1934 3716 2131 3777 proposito

1267 3771 1463 3827 adjungit,
1481 3780 1521 3815 et
1541 3786 1634 3814 cum
1663 3786 1711 3814 eo
1742 3772 1844 3814 redit
1869 3772 1910 3812 in
1933 3772 2126 3818 Africam,
