<?xml version="1.0" encoding="UTF-8"?>
<!DOCTYPE html PUBLIC "-//W3C//DTD XHTML 1.0 Transitional//EN"
    "http://www.w3.org/TR/xhtml1/DTD/xhtml1-transitional.dtd">
<html xmlns="http://www.w3.org/1999/xhtml" xml:lang="en" lang="en">
 <head>
  <title>
</title>
<meta http-equiv="Content-Type" content="text/html;charset=utf-8" />
  <meta name='ocr-system' content='tesseract 3.04.00' />
  <meta name='ocr-capabilities' content='ocr_page ocr_carea ocr_par ocr_line ocrx_word'/>
</head>
<body>
  <div class='ocr_page' id='page_1' title='image "a545544600auguuoft_0171.png"; bbox 0 0 2378 4134; ppageno 0'>
   <div class='ocr_carea' id='block_1_1' title="bbox 0 0 263 355">
    <p class='ocr_par' dir='ltr' id='par_1_1' title="bbox 0 0 263 355">
     <span class='ocr_line' id='line_1_1' title="bbox 0 0 263 355; baseline 0 3779"><span class='ocrx_word' id='word_1_1' title='bbox 0 0 263 355; x_wconf 95' lang='lat' dir='ltr'> </span> 
     </span>
    </p>
   </div>
   <div class='ocr_carea' id='block_1_2' title="bbox 544 263 1966 328">
    <p class='ocr_par' dir='ltr' id='par_1_2' title="bbox 544 263 1966 328">
     <span class='ocr_line' id='line_1_2' title="bbox 544 263 1966 328; baseline -0.011 0"><span class='ocrx_word' id='word_1_2' title='bbox 544 267 1146 328; x_wconf 79' lang='lat' dir='ltr'>CONFESSIONUM</span> <span class='ocrx_word' id='word_1_3' title='bbox 1186 263 1424 319; x_wconf 84' lang='lat' dir='ltr'>LIBER</span> <span class='ocrx_word' id='word_1_4' title='bbox 1461 263 1561 317; x_wconf 90' lang='lat' dir='ltr'>IX.</span> <span class='ocrx_word' id='word_1_5' title='bbox 1863 263 1966 314; x_wconf 79' lang='lat'>158</span> 
     </span>
    </p>
   </div>
   <div class='ocr_carea' id='block_1_3' title="bbox 116 391 2181 3113">
    <p class='ocr_par' dir='ltr' id='par_1_3' title="bbox 118 391 1978 981">
     <span class='ocr_line' id='line_1_3' title="bbox 118 391 1972 471; baseline -0.013 -4"><span class='ocrx_word' id='word_1_6' title='bbox 118 412 361 467; x_wconf 68' lang='lat' dir='ltr'>laborum</span> <span class='ocrx_word' id='word_1_7' title='bbox 396 403 653 467; x_wconf 87' lang='lat' dir='ltr'>omnium,</span> <span class='ocrx_word' id='word_1_8' title='bbox 686 399 943 471; x_wconf 87' lang='lat' dir='ltr'>quoniam</span> <span class='ocrx_word' id='word_1_9' title='bbox 977 399 1160 451; x_wconf 85' lang='lat' dir='ltr'>nullus</span> <span class='ocrx_word' id='word_1_10' title='bbox 1197 395 1334 449; x_wconf 84' lang='lat' dir='ltr'>alius</span> <span class='ocrx_word' id='word_1_11' title='bbox 1370 400 1567 459; x_wconf 89' lang='lat' dir='ltr'>tecum,</span> <span class='ocrx_word' id='word_1_12' title='bbox 1605 409 1708 445; x_wconf 89' lang='lat' dir='ltr'>nec</span> <span class='ocrx_word' id='word_1_13' title='bbox 1749 391 1822 445; x_wconf 89' lang='lat' dir='ltr'>ad</span> <span class='ocrx_word' id='word_1_14' title='bbox 1863 391 1972 444; x_wconf 85' lang='lat' dir='ltr'>alia</span> 
     </span>
     <span class='ocr_line' id='line_1_4' title="bbox 120 475 1971 560; baseline -0.011 -10"><span class='ocrx_word' id='word_1_15' title='bbox 120 496 286 550; x_wconf 80' lang='lat' dir='ltr'>multa</span> <span class='ocrx_word' id='word_1_16' title='bbox 321 486 688 560; x_wconf 82' lang='lat' dir='ltr'>adipiscenda,</span> <span class='ocrx_word' id='word_1_17' title='bbox 714 504 836 556; x_wconf 84' lang='lat' dir='ltr'>quae</span> <span class='ocrx_word' id='word_1_18' title='bbox 868 503 979 537; x_wconf 89' lang='lat' dir='ltr'>non</span> <span class='ocrx_word' id='word_1_19' title='bbox 1014 489 1140 536; x_wconf 88' lang='lat' dir='ltr'>sunt</span> <span class='ocrx_word' id='word_1_20' title='bbox 1172 479 1320 552; x_wconf 91' lang='lat' dir='ltr'>quod</span> <span class='ocrx_word' id='word_1_21' title='bbox 1349 485 1428 543; x_wconf 88' lang='lat' dir='ltr'>tu,</span> <span class='ocrx_word' id='word_1_22' title='bbox 1466 475 1564 530; x_wconf 88' lang='lat' dir='ltr'>sed</span> <span class='ocrx_word' id='word_1_23' title='bbox 1600 483 1681 544; x_wconf 78' lang='lat' dir='ltr'>tu,</span> <span class='ocrx_word' id='word_1_24' title='bbox 1716 478 1971 543; x_wconf 78' lang='lat' dir='ltr'><em>Domine,</em></span> 
     </span>
     <span class='ocr_line' id='line_1_5' title="bbox 118 560 1971 648; baseline -0.011 -14"><span class='ocrx_word' id='word_1_25' title='bbox 118 578 471 648; x_wconf 70' lang='lat' dir='ltr'>sinqnlariter</span> <span class='ocrx_word' id='word_1_26' title='bbox 506 575 565 626; x_wconf 76' lang='lat' dir='ltr'>in</span> <span class='ocrx_word' id='word_1_27' title='bbox 602 590 695 639; x_wconf 79' lang='lat' dir='ltr'>spe</span> <span class='ocrx_word' id='word_1_28' title='bbox 730 570 1063 622; x_wconf 75' lang='lat' dir='ltr'>constituisti</span> <span class='ocrx_word' id='word_1_29' title='bbox 1097 585 1198 619; x_wconf 86' lang='lat' dir='ltr'>me.</span> <span class='ocrx_word' id='word_1_30' title='bbox 1273 564 1566 632; x_wconf 88' lang='lat' dir='ltr'>Legebam,</span> <span class='ocrx_word' id='word_1_31' title='bbox 1600 568 1655 613; x_wconf 87' lang='lat' dir='ltr'>et</span> <span class='ocrx_word' id='word_1_32' title='bbox 1686 560 1971 624; x_wconf 82' lang='lat' dir='ltr'>ardebam3</span> 
     </span>
     <span class='ocr_line' id='line_1_6' title="bbox 121 647 1974 726; baseline -0.011 -7"><span class='ocrx_word' id='word_1_33' title='bbox 121 683 220 719; x_wconf 89' lang='lat' dir='ltr'>nec</span> <span class='ocrx_word' id='word_1_34' title='bbox 268 659 607 715; x_wconf 81' lang='lat' dir='ltr'>inveniebam</span> <span class='ocrx_word' id='word_1_35' title='bbox 666 655 799 726; x_wconf 88' lang='lat' dir='ltr'>quid</span> <span class='ocrx_word' id='word_1_36' title='bbox 856 655 1087 708; x_wconf 89' lang='lat' dir='ltr'>facerem</span> <span class='ocrx_word' id='word_1_37' title='bbox 1138 650 1313 704; x_wconf 88' lang='lat' dir='ltr'>surdis</span> <span class='ocrx_word' id='word_1_38' title='bbox 1361 647 1604 711; x_wconf 79' lang='lat' dir='ltr'>mortuiS‚</span> <span class='ocrx_word' id='word_1_39' title='bbox 1654 664 1726 699; x_wconf 85' lang='lat' dir='ltr'>ex</span> <span class='ocrx_word' id='word_1_40' title='bbox 1775 647 1974 716; x_wconf 85' lang='lat' dir='ltr'>quibus</span> 
     </span>
     <span class='ocr_line' id='line_1_7' title="bbox 121 731 1976 815; baseline -0.011 -13"><span class='ocrx_word' id='word_1_41' title='bbox 121 750 336 811; x_wconf 84' lang='lat' dir='ltr'>fueram,</span> <span class='ocrx_word' id='word_1_42' title='bbox 373 743 541 815; x_wconf 86' lang='lat' dir='ltr'>pestis</span> <span class='ocrx_word' id='word_1_43' title='bbox 554 741 597 808; x_wconf 78' lang='lat'>⁴¹,</span> <span class='ocrx_word' id='word_1_44' title='bbox 634 743 852 793; x_wconf 89' lang='lat' dir='ltr'>latrator</span> <span class='ocrx_word' id='word_1_45' title='bbox 888 756 1099 792; x_wconf 90' lang='lat' dir='ltr'>amarus</span> <span class='ocrx_word' id='word_1_46' title='bbox 1136 744 1190 790; x_wconf 89' lang='lat' dir='ltr'>et</span> <span class='ocrx_word' id='word_1_47' title='bbox 1229 753 1406 788; x_wconf 84' lang='lat' dir='ltr'>caecus</span> <span class='ocrx_word' id='word_1_48' title='bbox 1451 731 1704 786; x_wconf 88' lang='lat' dir='ltr'>adversus</span> <span class='ocrx_word' id='word_1_49' title='bbox 1741 731 1976 783; x_wconf 81' lang='lat' dir='ltr'>Litteras</span> 
     </span>
     <span class='ocr_line' id='line_1_8' title="bbox 122 819 1978 890; baseline -0.011 -3"><span class='ocrx_word' id='word_1_50' title='bbox 122 835 188 888; x_wconf 91' lang='lat' dir='ltr'>de</span> <span class='ocrx_word' id='word_1_51' title='bbox 211 832 366 886; x_wconf 90' lang='lat' dir='ltr'>melle</span> <span class='ocrx_word' id='word_1_52' title='bbox 393 829 518 882; x_wconf 86' lang='lat' dir='ltr'>coeli</span> <span class='ocrx_word' id='word_1_53' title='bbox 542 827 780 890; x_wconf 89' lang='lat' dir='ltr'>melleas,</span> <span class='ocrx_word' id='word_1_54' title='bbox 810 833 863 877; x_wconf 92' lang='lat' dir='ltr'>et</span> <span class='ocrx_word' id='word_1_55' title='bbox 899 825 965 877; x_wconf 89' lang='lat' dir='ltr'>de</span> <span class='ocrx_word' id='word_1_56' title='bbox 997 823 1199 876; x_wconf 91' lang='lat' dir='ltr'>lumine</span> <span class='ocrx_word' id='word_1_57' title='bbox 1233 828 1326 874; x_wconf 89' lang='lat' dir='ltr'>tuo</span> <span class='ocrx_word' id='word_1_58' title='bbox 1358 819 1686 872; x_wconf 85' lang='lat' dir='ltr'>luminosas:</span> <span class='ocrx_word' id='word_1_59' title='bbox 1727 823 1781 870; x_wconf 91' lang='lat' dir='ltr'>et</span> <span class='ocrx_word' id='word_1_60' title='bbox 1815 834 1978 886; x_wconf 88' lang='lat' dir='ltr'>super</span> 
     </span>
     <span class='ocr_line' id='line_1_9' title="bbox 119 908 1272 981; baseline -0.012 -9"><span class='ocrx_word' id='word_1_61' title='bbox 119 913 387 972; x_wconf 71' lang='lat' dir='ltr'>inimicis*</span> <span class='ocrx_word' id='word_1_62' title='bbox 414 913 703 981; x_wconf 85' lang='lat' dir='ltr'>Scripturae</span> <span class='ocrx_word' id='word_1_63' title='bbox 728 910 889 981; x_wconf 88' lang='lat' dir='ltr'>hujus</span> <span class='ocrx_word' id='word_1_64' title='bbox 915 908 1272 963; x_wconf 84' lang='lat' dir='ltr'>tabescebam.</span> 
     </span>
    </p>

    <p class='ocr_par' dir='ltr' id='par_1_4' title="bbox 117 985 2174 2181">
     <span class='ocr_line' id='line_1_10' title="bbox 196 985 2120 1059; baseline -0.008 -7"><span class='ocrx_word' id='word_1_65' title='bbox 196 1006 276 1054; x_wconf 79' lang='lat'>12.</span> <span class='ocrx_word' id='word_1_66' title='bbox 316 996 545 1059; x_wconf 84' lang='lat' dir='ltr'>Quando</span> <span class='ocrx_word' id='word_1_67' title='bbox 570 992 927 1048; x_wconf 72' lang='lat' dir='ltr'>recordabor*</span> <span class='ocrx_word' id='word_1_68' title='bbox 955 993 1136 1045; x_wconf 91' lang='lat' dir='ltr'>omnia</span> <span class='ocrx_word' id='word_1_69' title='bbox 1160 991 1367 1043; x_wconf 85' lang='lat' dir='ltr'>dierum</span> <span class='ocrx_word' id='word_1_70' title='bbox 1390 990 1604 1041; x_wconf 90' lang='lat' dir='ltr'>illorum</span> <span class='ocrx_word' id='word_1_71' title='bbox 1629 985 1973 1040; x_wconf 85' lang='lat' dir='ltr'>feriatorum?</span> <span class='ocrx_word' id='word_1_72' title='bbox 1999 996 2120 1059; x_wconf 56' lang='lat' dir='ltr'>acer-</span> 
     </span>
     <span class='ocr_line' id='line_1_11' title="bbox 122 1066 2127 1147; baseline -0.009 -5"><span class='ocrx_word' id='word_1_73' title='bbox 122 1084 229 1143; x_wconf 84' lang='lat' dir='ltr'>Sed</span> <span class='ocrx_word' id='word_1_74' title='bbox 264 1104 362 1138; x_wconf 89' lang='lat' dir='ltr'>nec</span> <span class='ocrx_word' id='word_1_75' title='bbox 401 1085 601 1138; x_wconf 89' lang='lat' dir='ltr'>oblitus</span> <span class='ocrx_word' id='word_1_76' title='bbox 641 1101 757 1135; x_wconf 89' lang='lat' dir='ltr'>sum</span> <span class='ocrx_word' id='word_1_77' title='bbox 795 1100 896 1134; x_wconf 91' lang='lat' dir='ltr'>nec</span> <span class='ocrx_word' id='word_1_78' title='bbox 937 1081 1106 1132; x_wconf 86' lang='lat' dir='ltr'>silebo</span> <span class='ocrx_word' id='word_1_79' title='bbox 1154 1078 1356 1145; x_wconf 86' lang='lat' dir='ltr'>flagelli</span> <span class='ocrx_word' id='word_1_80' title='bbox 1397 1076 1475 1130; x_wconf 89' lang='lat' dir='ltr'>tui</span> <span class='ocrx_word' id='word_1_81' title='bbox 1519 1075 1879 1144; x_wconf 84' lang='lat' dir='ltr'>asperitatem,</span> <span class='ocrx_word' id='word_1_82' title='bbox 1923 1080 1977 1126; x_wconf 86' lang='lat' dir='ltr'>et</span> <span class='ocrx_word' id='word_1_83' title='bbox 1993 1066 2127 1147; x_wconf 53' lang='lat' dir='ltr'>{1¹33ae</span> 
     </span>
     <span class='ocr_line' id='line_1_12' title="bbox 119 1159 2174 1255; baseline -0.008 -30"><span class='ocrx_word' id='word_1_84' title='bbox 119 1170 492 1226; x_wconf 70' lang='lat' dir='ltr'>misericordiae</span> <span class='ocrx_word' id='word_1_85' title='bbox 541 1176 647 1221; x_wconf 83' lang='lat' dir='ltr'>tuae</span> <span class='ocrx_word' id='word_1_86' title='bbox 697 1167 997 1220; x_wconf 89' lang='lat' dir='ltr'>mirabilem</span> <span class='ocrx_word' id='word_1_87' title='bbox 1047 1163 1389 1217; x_wconf 85' lang='lat' dir='ltr'>celeritatem.</span> <span class='ocrx_word' id='word_1_88' title='bbox 1481 1161 1683 1213; x_wconf 86' lang='lat' dir='ltr'>Dolore</span> <span class='ocrx_word' id='word_1_89' title='bbox 1736 1159 1974 1211; x_wconf 90' lang='lat' dir='ltr'>dentium</span> <span class='ocrx_word' id='word_1_90' title='bbox 1991 1161 2174 1255; x_wconf 47' lang='lat' dir='ltr'>despium</span> 
     </span>
     <span class='ocr_line' id='line_1_13' title="bbox 121 1224 2121 1316; baseline -0.008 -6"><span class='ocrx_word' id='word_1_91' title='bbox 121 1265 246 1311; x_wconf 87' lang='lat' dir='ltr'>tunc</span> <span class='ocrx_word' id='word_1_92' title='bbox 273 1254 623 1309; x_wconf 85' lang='lat' dir='ltr'>excruciabas</span> <span class='ocrx_word' id='word_1_93' title='bbox 649 1271 765 1316; x_wconf 84' lang='lat' dir='ltr'>me3</span> <span class='ocrx_word' id='word_1_94' title='bbox 810 1259 864 1304; x_wconf 92' lang='lat' dir='ltr'>et</span> <span class='ocrx_word' id='word_1_95' title='bbox 890 1268 1012 1303; x_wconf 88' lang='lat' dir='ltr'>cum</span> <span class='ocrx_word' id='word_1_96' title='bbox 1038 1251 1095 1301; x_wconf 91' lang='lat' dir='ltr'>in</span> <span class='ocrx_word' id='word_1_97' title='bbox 1123 1255 1326 1301; x_wconf 87' lang='lat' dir='ltr'>tantum</span> <span class='ocrx_word' id='word_1_98' title='bbox 1350 1248 1744 1314; x_wconf 85' lang='lat' dir='ltr'>ingravesceret</span> <span class='ocrx_word' id='word_1_99' title='bbox 1773 1253 1834 1298; x_wconf 93' lang='lat' dir='ltr'>ut</span> <span class='ocrx_word' id='word_1_100' title='bbox 1864 1263 1975 1297; x_wconf 90' lang='lat' dir='ltr'>non</span> <span class='ocrx_word' id='word_1_101' title='bbox 1989 1224 2121 1311; x_wconf 50' lang='grc' dir='ltr'>ῗῑῖθῗο</span> 
     </span>
     <span class='ocr_line' id='line_1_14' title="bbox 119 1331 2112 1408; baseline -0.007 -14"><span class='ocrx_word' id='word_1_102' title='bbox 119 1343 346 1396; x_wconf 85' lang='lat' dir='ltr'>valerem</span> <span class='ocrx_word' id='word_1_103' title='bbox 370 1339 520 1408; x_wconf 91' lang='lat' dir='ltr'>loqui</span> <span class='ocrx_word' id='word_1_104' title='bbox 533 1347 567 1401; x_wconf 85' lang='lat'>¹¹,</span> <span class='ocrx_word' id='word_1_105' title='bbox 595 1336 838 1390; x_wconf 87' lang='lat' dir='ltr'>ascendit</span> <span class='ocrx_word' id='word_1_106' title='bbox 867 1336 925 1387; x_wconf 90' lang='lat' dir='ltr'>in</span> <span class='ocrx_word' id='word_1_107' title='bbox 963 1353 1054 1387; x_wconf 94' lang='lat' dir='ltr'>cor</span> <span class='ocrx_word' id='word_1_108' title='bbox 1085 1351 1263 1385; x_wconf 92' lang='lat' dir='ltr'>meum</span> <span class='ocrx_word' id='word_1_109' title='bbox 1296 1331 1580 1384; x_wconf 90' lang='lat' dir='ltr'>admonere</span> <span class='ocrx_word' id='word_1_110' title='bbox 1616 1349 1802 1384; x_wconf 90' lang='lat' dir='ltr'>omnes</span> <span class='ocrx_word' id='word_1_111' title='bbox 1827 1349 1976 1383; x_wconf 90' lang='lat' dir='ltr'>meos</span> <span class='ocrx_word' id='word_1_112' title='bbox 1990 1332 2112 1366; x_wconf 83' lang='lat' dir='ltr'>ratur.</span> 
     </span>
     <span class='ocr_line' id='line_1_15' title="bbox 122 1418 1976 1500; baseline -0.006 -19"><span class='ocrx_word' id='word_1_113' title='bbox 122 1429 214 1500; x_wconf 92' lang='lat' dir='ltr'>qui</span> <span class='ocrx_word' id='word_1_114' title='bbox 239 1427 472 1489; x_wconf 88' lang='lat' dir='ltr'>aderant,</span> <span class='ocrx_word' id='word_1_115' title='bbox 499 1433 559 1477; x_wconf 90' lang='lat' dir='ltr'>ut</span> <span class='ocrx_word' id='word_1_116' title='bbox 585 1424 995 1493; x_wconf 85' lang='lat' dir='ltr'>deprecarentur</span> <span class='ocrx_word' id='word_1_117' title='bbox 1028 1430 1080 1474; x_wconf 93' lang='lat' dir='ltr'>te</span> <span class='ocrx_word' id='word_1_118' title='bbox 1114 1439 1211 1491; x_wconf 91' lang='lat' dir='ltr'>pro</span> <span class='ocrx_word' id='word_1_119' title='bbox 1246 1438 1349 1483; x_wconf 91' lang='lat' dir='ltr'>me,</span> <span class='ocrx_word' id='word_1_120' title='bbox 1377 1421 1555 1471; x_wconf 89' lang='lat' dir='ltr'>Deum</span> <span class='ocrx_word' id='word_1_121' title='bbox 1592 1419 1780 1470; x_wconf 84' lang='lat' dir='ltr'>salutis</span> <span class='ocrx_word' id='word_1_122' title='bbox 1806 1418 1976 1470; x_wconf 90' lang='lat' dir='ltr'>omni-</span> 
     </span>
     <span class='ocr_line' id='line_1_16' title="bbox 118 1505 1977 1578; baseline -0.006 -13"><span class='ocrx_word' id='word_1_123' title='bbox 118 1512 303 1566; x_wconf 85' lang='lat' dir='ltr'>modae.</span> <span class='ocrx_word' id='word_1_124' title='bbox 377 1512 454 1563; x_wconf 88' lang='lat' dir='ltr'>Et</span> <span class='ocrx_word' id='word_1_125' title='bbox 479 1510 670 1578; x_wconf 86' lang='lat' dir='ltr'>scripsi</span> <span class='ocrx_word' id='word_1_126' title='bbox 693 1510 798 1561; x_wconf 93' lang='lat' dir='ltr'>hoc</span> <span class='ocrx_word' id='word_1_127' title='bbox 818 1509 876 1559; x_wconf 92' lang='lat' dir='ltr'>in</span> <span class='ocrx_word' id='word_1_128' title='bbox 901 1526 1038 1571; x_wconf 86' lang='lat' dir='ltr'>cera,</span> <span class='ocrx_word' id='word_1_129' title='bbox 1066 1514 1119 1559; x_wconf 93' lang='lat' dir='ltr'>et</span> <span class='ocrx_word' id='word_1_130' title='bbox 1145 1505 1267 1558; x_wconf 90' lang='lat' dir='ltr'>dedi</span> <span class='ocrx_word' id='word_1_131' title='bbox 1294 1512 1354 1556; x_wconf 92' lang='lat' dir='ltr'>ut</span> <span class='ocrx_word' id='word_1_132' title='bbox 1379 1505 1457 1556; x_wconf 91' lang='lat' dir='ltr'>eis</span> <span class='ocrx_word' id='word_1_133' title='bbox 1481 1505 1759 1570; x_wconf 86' lang='lat' dir='ltr'>legeretur.</span> <span class='ocrx_word' id='word_1_134' title='bbox 1834 1505 1977 1555; x_wconf 87' lang='lat' dir='ltr'>Mox</span> 
     </span>
     <span class='ocr_line' id='line_1_17' title="bbox 120 1588 1979 1664; baseline -0.006 -13"><span class='ocrx_word' id='word_1_135' title='bbox 120 1605 180 1651; x_wconf 89' lang='lat' dir='ltr'>ut</span> <span class='ocrx_word' id='word_1_136' title='bbox 213 1615 385 1664; x_wconf 87' lang='lat' dir='ltr'>genua</span> <span class='ocrx_word' id='word_1_137' title='bbox 419 1596 654 1663; x_wconf 89' lang='lat' dir='ltr'>supplici</span> <span class='ocrx_word' id='word_1_138' title='bbox 688 1596 886 1646; x_wconf 85' lang='lat' dir='ltr'>affectu</span> <span class='ocrx_word' id='word_1_139' title='bbox 918 1594 1157 1656; x_wconf 85' lang='lat' dir='ltr'>fiximuS,</span> <span class='ocrx_word' id='word_1_140' title='bbox 1183 1591 1322 1658; x_wconf 85' lang='lat' dir='ltr'>fugit</span> <span class='ocrx_word' id='word_1_141' title='bbox 1359 1590 1510 1642; x_wconf 90' lang='lat' dir='ltr'>dolor</span> <span class='ocrx_word' id='word_1_142' title='bbox 1534 1590 1640 1641; x_wconf 92' lang='lat' dir='ltr'>ille.</span> <span class='ocrx_word' id='word_1_143' title='bbox 1719 1588 1828 1641; x_wconf 85' lang='lat' dir='ltr'>Sed</span> <span class='ocrx_word' id='word_1_144' title='bbox 1855 1589 1979 1658; x_wconf 89' lang='lat' dir='ltr'>quis</span> 
     </span>
     <span class='ocr_line' id='line_1_18' title="bbox 123 1674 1978 1750; baseline -0.005 -14"><span class='ocrx_word' id='word_1_145' title='bbox 123 1681 310 1736; x_wconf 87' lang='lat' dir='ltr'>dolor?</span> <span class='ocrx_word' id='word_1_146' title='bbox 370 1689 462 1734; x_wconf 87' lang='lat' dir='ltr'>aut</span> <span class='ocrx_word' id='word_1_147' title='bbox 500 1681 769 1750; x_wconf 89' lang='lat' dir='ltr'>quomodo</span> <span class='ocrx_word' id='word_1_148' title='bbox 807 1678 974 1746; x_wconf 87' lang='lat' dir='ltr'>fugit?</span> <span class='ocrx_word' id='word_1_149' title='bbox 1033 1678 1272 1746; x_wconf 83' lang='lat' dir='ltr'>Expavi,</span> <span class='ocrx_word' id='word_1_150' title='bbox 1310 1677 1494 1741; x_wconf 85' lang='lat' dir='ltr'>fateor,</span> <span class='ocrx_word' id='word_1_151' title='bbox 1534 1674 1769 1727; x_wconf 88' lang='lat' dir='ltr'>Domine</span> <span class='ocrx_word' id='word_1_152' title='bbox 1810 1692 1978 1739; x_wconf 83' lang='lat' dir='ltr'>meuS,</span> 
     </span>
     <span class='ocr_line' id='line_1_19' title="bbox 122 1763 1979 1829; baseline -0.005 -9"><span class='ocrx_word' id='word_1_153' title='bbox 122 1769 272 1820; x_wconf 84' lang='lat' dir='ltr'>Deus</span> <span class='ocrx_word' id='word_1_154' title='bbox 320 1786 505 1829; x_wconf 73' lang='lat' dir='ltr'>meus,</span> <span class='ocrx_word' id='word_1_155' title='bbox 580 1766 716 1817; x_wconf 88' lang='lat' dir='ltr'>nihil</span> <span class='ocrx_word' id='word_1_156' title='bbox 767 1766 911 1816; x_wconf 90' lang='lat' dir='ltr'>enim</span> <span class='ocrx_word' id='word_1_157' title='bbox 971 1765 1074 1815; x_wconf 86' lang='lat' dir='ltr'>tale</span> <span class='ocrx_word' id='word_1_158' title='bbox 1125 1764 1192 1814; x_wconf 89' lang='lat' dir='ltr'>ab</span> <span class='ocrx_word' id='word_1_159' title='bbox 1243 1763 1462 1813; x_wconf 89' lang='lat' dir='ltr'>ineunte</span> <span class='ocrx_word' id='word_1_160' title='bbox 1513 1767 1669 1812; x_wconf 79' lang='lat' dir='ltr'>aetate</span> <span class='ocrx_word' id='word_1_161' title='bbox 1720 1767 1979 1829; x_wconf 86' lang='lat' dir='ltr'>expertus</span> 
     </span>
     <span class='ocr_line' id='line_1_20' title="bbox 117 1846 1981 1916; baseline -0.005 -10"><span class='ocrx_word' id='word_1_162' title='bbox 117 1855 331 1906; x_wconf 81' lang='lat' dir='ltr'>fueram.</span> <span class='ocrx_word' id='word_1_163' title='bbox 408 1854 482 1903; x_wconf 91' lang='lat' dir='ltr'>Et</span> <span class='ocrx_word' id='word_1_164' title='bbox 523 1851 780 1903; x_wconf 85' lang='lat' dir='ltr'>insinuati</span> <span class='ocrx_word' id='word_1_165' title='bbox 819 1856 942 1902; x_wconf 88' lang='lat' dir='ltr'>sunt</span> <span class='ocrx_word' id='word_1_166' title='bbox 978 1849 1111 1900; x_wconf 90' lang='lat' dir='ltr'>mihi</span> <span class='ocrx_word' id='word_1_167' title='bbox 1149 1848 1206 1898; x_wconf 92' lang='lat' dir='ltr'>in</span> <span class='ocrx_word' id='word_1_168' title='bbox 1244 1846 1509 1916; x_wconf 87' lang='lat' dir='ltr'>profundo</span> <span class='ocrx_word' id='word_1_169' title='bbox 1552 1854 1716 1898; x_wconf 86' lang='lat' dir='ltr'>nutus</span> <span class='ocrx_word' id='word_1_170' title='bbox 1760 1847 1867 1909; x_wconf 79' lang='lat' dir='ltr'>tui3</span> <span class='ocrx_word' id='word_1_171' title='bbox 1926 1854 1981 1898; x_wconf 88' lang='lat' dir='ltr'>et</span> 
     </span>
     <span class='ocr_line' id='line_1_21' title="bbox 123 1933 1979 2008; baseline -0.004 -16"><span class='ocrx_word' id='word_1_172' title='bbox 123 1941 360 2008; x_wconf 86' lang='lat' dir='ltr'>gaudens</span> <span class='ocrx_word' id='word_1_173' title='bbox 397 1940 453 1990; x_wconf 93' lang='lat' dir='ltr'>in</span> <span class='ocrx_word' id='word_1_174' title='bbox 488 1939 595 1990; x_wconf 91' lang='lat' dir='ltr'>fide</span> <span class='ocrx_word' id='word_1_175' title='bbox 632 1937 848 1989; x_wconf 88' lang='lat' dir='ltr'>laudavi</span> <span class='ocrx_word' id='word_1_176' title='bbox 882 1954 1078 1988; x_wconf 90' lang='lat' dir='ltr'>nomen</span> <span class='ocrx_word' id='word_1_177' title='bbox 1111 1944 1278 1987; x_wconf 90' lang='lat' dir='ltr'>tuum.</span> <span class='ocrx_word' id='word_1_178' title='bbox 1354 1935 1430 1985; x_wconf 92' lang='lat' dir='ltr'>Et</span> <span class='ocrx_word' id='word_1_179' title='bbox 1463 1951 1526 1985; x_wconf 90' lang='lat' dir='ltr'>ea</span> <span class='ocrx_word' id='word_1_180' title='bbox 1551 1933 1687 1984; x_wconf 88' lang='lat' dir='ltr'>fides</span> <span class='ocrx_word' id='word_1_181' title='bbox 1714 1951 1799 1984; x_wconf 91' lang='lat' dir='ltr'>me</span> <span class='ocrx_word' id='word_1_182' title='bbox 1827 1951 1979 1985; x_wconf 90' lang='lat' dir='ltr'>secu-</span> 
     </span>
     <span class='ocr_line' id='line_1_22' title="bbox 119 2018 1980 2091; baseline -0.004 -15"><span class='ocrx_word' id='word_1_183' title='bbox 119 2043 233 2077; x_wconf 89' lang='lat' dir='ltr'>rum</span> <span class='ocrx_word' id='word_1_184' title='bbox 261 2043 376 2076; x_wconf 89' lang='lat' dir='ltr'>esse</span> <span class='ocrx_word' id='word_1_185' title='bbox 402 2042 511 2075; x_wconf 93' lang='lat' dir='ltr'>non</span> <span class='ocrx_word' id='word_1_186' title='bbox 550 2023 760 2074; x_wconf 87' lang='lat' dir='ltr'>sinebat</span> <span class='ocrx_word' id='word_1_187' title='bbox 797 2023 861 2074; x_wconf 89' lang='lat' dir='ltr'>de</span> <span class='ocrx_word' id='word_1_188' title='bbox 897 2021 1180 2091; x_wconf 77' lang='lat' dir='ltr'>praeteritis</span> <span class='ocrx_word' id='word_1_189' title='bbox 1215 2020 1457 2090; x_wconf 89' lang='lat' dir='ltr'>peccatis</span> <span class='ocrx_word' id='word_1_190' title='bbox 1494 2019 1648 2083; x_wconf 89' lang='lat' dir='ltr'>meis,</span> <span class='ocrx_word' id='word_1_191' title='bbox 1685 2037 1806 2088; x_wconf 83' lang='lat' dir='ltr'>quae</span> <span class='ocrx_word' id='word_1_192' title='bbox 1844 2018 1980 2071; x_wconf 87' lang='lat' dir='ltr'>mihi</span> 
     </span>
     <span class='ocr_line' id='line_1_23' title="bbox 119 2106 1454 2181; baseline -0.006 -17"><span class='ocrx_word' id='word_1_193' title='bbox 119 2129 214 2181; x_wconf 92' lang='lat' dir='ltr'>per</span> <span class='ocrx_word' id='word_1_194' title='bbox 239 2111 578 2179; x_wconf 90' lang='lat' dir='ltr'>Baptismum</span> <span class='ocrx_word' id='word_1_195' title='bbox 606 2116 755 2160; x_wconf 88' lang='lat' dir='ltr'>tuum</span> <span class='ocrx_word' id='word_1_196' title='bbox 778 2108 1000 2159; x_wconf 89' lang='lat' dir='ltr'>remissa</span> <span class='ocrx_word' id='word_1_197' title='bbox 1024 2106 1264 2158; x_wconf 89' lang='lat' dir='ltr'>nondum</span> <span class='ocrx_word' id='word_1_198' title='bbox 1291 2112 1454 2157; x_wconf 90' lang='lat' dir='ltr'>erant.</span> 
     </span>
    </p>

    <p class='ocr_par' dir='ltr' id='par_1_5' title="bbox 116 2191 2181 3113">
     <span class='ocr_line' id='line_1_24' title="bbox 192 2191 2113 2262; baseline -0.002 -15"><span class='ocrx_word' id='word_1_199' title='bbox 192 2200 271 2247; x_wconf 85' lang='lat'>13.</span> <span class='ocrx_word' id='word_1_200' title='bbox 313 2194 660 2258; x_wconf 87' lang='lat' dir='ltr'>Renuntiavi,</span> <span class='ocrx_word' id='word_1_201' title='bbox 686 2193 916 2262; x_wconf 85' lang='lat' dir='ltr'>peractis</span> <span class='ocrx_word' id='word_1_202' title='bbox 950 2192 1384 2255; x_wconf 88' lang='lat' dir='ltr'>vindemialibus,</span> <span class='ocrx_word' id='word_1_203' title='bbox 1412 2197 1473 2242; x_wconf 86' lang='lat' dir='ltr'>ut</span> <span class='ocrx_word' id='word_1_204' title='bbox 1500 2191 1838 2243; x_wconf 79' lang='lat' dir='ltr'>scholasticis</span> <span class='ocrx_word' id='word_1_205' title='bbox 1866 2191 1978 2243; x_wconf 88' lang='lat' dir='ltr'>suis</span> <span class='ocrx_word' id='word_1_206' title='bbox 2060 2194 2113 2234; x_wconf 84' lang='lat' dir='ltr'>V·</span> 
     </span>
     <span class='ocr_line' id='line_1_25' title="bbox 119 2247 2163 2346; baseline -0.003 -12"><span class='ocrx_word' id='word_1_207' title='bbox 119 2281 551 2334; x_wconf 88' lang='lat' dir='ltr'>Mediolanenses</span> <span class='ocrx_word' id='word_1_208' title='bbox 576 2279 907 2331; x_wconf 90' lang='lat' dir='ltr'>venditorem</span> <span class='ocrx_word' id='word_1_209' title='bbox 931 2279 1210 2330; x_wconf 87' lang='lat' dir='ltr'>verborum</span> <span class='ocrx_word' id='word_1_210' title='bbox 1237 2278 1398 2329; x_wconf 89' lang='lat' dir='ltr'>alium</span> <span class='ocrx_word' id='word_1_211' title='bbox 1425 2276 1791 2345; x_wconf 82' lang='lat' dir='ltr'>providerent3</span> <span class='ocrx_word' id='word_1_212' title='bbox 1832 2276 1979 2346; x_wconf 91' lang='lat' dir='ltr'>quod</span> <span class='ocrx_word' id='word_1_213' title='bbox 1992 2247 2100 2341; x_wconf 47' lang='lat'>331?</span> <span class='ocrx_word' id='word_1_214' title='bbox 2104 2261 2163 2287; x_wconf 65' lang='grc' dir='ltr'>ω’</span> 
     </span>
     <span class='ocr_line' id='line_1_26' title="bbox 121 2357 2164 2451; baseline -0.003 -33"><span class='ocrx_word' id='word_1_215' title='bbox 121 2374 174 2418; x_wconf 91' lang='lat' dir='ltr'>et</span> <span class='ocrx_word' id='word_1_216' title='bbox 198 2365 295 2416; x_wconf 89' lang='lat' dir='ltr'>tibi</span> <span class='ocrx_word' id='word_1_217' title='bbox 322 2383 422 2431; x_wconf 86' lang='lat' dir='ltr'>ego</span> <span class='ocrx_word' id='word_1_218' title='bbox 450 2365 642 2416; x_wconf 89' lang='lat' dir='ltr'>servire</span> <span class='ocrx_word' id='word_1_219' title='bbox 670 2363 1005 2430; x_wconf 84' lang='lat' dir='ltr'>delegissem,</span> <span class='ocrx_word' id='word_1_220' title='bbox 1045 2370 1099 2414; x_wconf 88' lang='lat' dir='ltr'>et</span> <span class='ocrx_word' id='word_1_221' title='bbox 1134 2363 1212 2413; x_wconf 91' lang='lat' dir='ltr'>illi</span> <span class='ocrx_word' id='word_1_222' title='bbox 1246 2362 1583 2431; x_wconf 87' lang='lat' dir='ltr'>professioni,</span> <span class='ocrx_word' id='word_1_223' title='bbox 1611 2379 1721 2430; x_wconf 81' lang='lat' dir='ltr'>prae</span> <span class='ocrx_word' id='word_1_224' title='bbox 1748 2357 2164 2451; x_wconf 64' lang='lat' dir='ltr'>diffi0U1·⁰⁰?3¹²1¹g‘</span> 
     </span>
     <span class='ocr_line' id='line_1_27' title="bbox 118 2424 2181 2518; baseline -0.003 -15"><span class='ocrx_word' id='word_1_225' title='bbox 118 2457 226 2503; x_wconf 87' lang='lat' dir='ltr'>tate</span> <span class='ocrx_word' id='word_1_226' title='bbox 254 2449 491 2518; x_wconf 82' lang='lat' dir='ltr'>spirandi</span> <span class='ocrx_word' id='word_1_227' title='bbox 519 2467 582 2501; x_wconf 89' lang='lat' dir='ltr'>ac</span> <span class='ocrx_word' id='word_1_228' title='bbox 609 2448 789 2499; x_wconf 90' lang='lat' dir='ltr'>dolore</span> <span class='ocrx_word' id='word_1_229' title='bbox 815 2449 1068 2516; x_wconf 85' lang='lat' dir='ltr'>pectoris,</span> <span class='ocrx_word' id='word_1_230' title='bbox 1094 2465 1204 2498; x_wconf 91' lang='lat' dir='ltr'>non</span> <span class='ocrx_word' id='word_1_231' title='bbox 1231 2449 1545 2498; x_wconf 88' lang='lat' dir='ltr'>sufficerem.</span> <span class='ocrx_word' id='word_1_232' title='bbox 1610 2448 1685 2499; x_wconf 84' lang='lat' dir='ltr'>Et</span> <span class='ocrx_word' id='word_1_233' title='bbox 1708 2447 1977 2498; x_wconf 88' lang='lat' dir='ltr'>insinuavi</span> <span class='ocrx_word' id='word_1_234' title='bbox 1993 2424 2181 2517; x_wconf 49' lang='lat' dir='ltr'>gadum.</span> 
     </span>
     <span class='ocr_line' id='line_1_28' title="bbox 116 2531 1981 2604; baseline -0.002 -17"><span class='ocrx_word' id='word_1_235' title='bbox 116 2553 211 2604; x_wconf 89' lang='lat' dir='ltr'>per</span> <span class='ocrx_word' id='word_1_236' title='bbox 233 2536 437 2586; x_wconf 87' lang='lat' dir='ltr'>litteras</span> <span class='ocrx_word' id='word_1_237' title='bbox 463 2533 689 2585; x_wconf 88' lang='lat' dir='ltr'>antistiti</span> <span class='ocrx_word' id='word_1_238' title='bbox 715 2541 806 2584; x_wconf 91' lang='lat' dir='ltr'>tuo</span> <span class='ocrx_word' id='word_1_239' title='bbox 832 2533 945 2583; x_wconf 89' lang='lat' dir='ltr'>viro</span> <span class='ocrx_word' id='word_1_240' title='bbox 974 2539 1159 2583; x_wconf 89' lang='lat' dir='ltr'>sancto</span> <span class='ocrx_word' id='word_1_241' title='bbox 1184 2532 1469 2582; x_wconf 83' lang='lat' dir='ltr'>Ambrosio</span> <span class='ocrx_word' id='word_1_242' title='bbox 1496 2531 1754 2599; x_wconf 85' lang='lat' dir='ltr'>pristinos</span> <span class='ocrx_word' id='word_1_243' title='bbox 1781 2550 1981 2583; x_wconf 88' lang='lat' dir='ltr'>errores</span> 
     </span>
     <span class='ocr_line' id='line_1_29' title="bbox 118 2615 1980 2687; baseline -0.002 -16"><span class='ocrx_word' id='word_1_244' title='bbox 118 2637 285 2682; x_wconf 87' lang='lat' dir='ltr'>meos,</span> <span class='ocrx_word' id='word_1_245' title='bbox 312 2627 365 2670; x_wconf 88' lang='lat' dir='ltr'>et</span> <span class='ocrx_word' id='word_1_246' title='bbox 389 2636 625 2687; x_wconf 87' lang='lat' dir='ltr'>praesens</span> <span class='ocrx_word' id='word_1_247' title='bbox 660 2626 841 2670; x_wconf 88' lang='lat' dir='ltr'>votum</span> <span class='ocrx_word' id='word_1_248' title='bbox 874 2635 1070 2679; x_wconf 87' lang='lat' dir='ltr'>meum,</span> <span class='ocrx_word' id='word_1_249' title='bbox 1095 2624 1155 2667; x_wconf 92' lang='lat' dir='ltr'>ut</span> <span class='ocrx_word' id='word_1_250' title='bbox 1179 2624 1419 2668; x_wconf 89' lang='lat' dir='ltr'>moneret</span> <span class='ocrx_word' id='word_1_251' title='bbox 1445 2615 1577 2685; x_wconf 88' lang='lat' dir='ltr'>quid</span> <span class='ocrx_word' id='word_1_252' title='bbox 1603 2616 1735 2666; x_wconf 86' lang='lat' dir='ltr'>mihi</span> <span class='ocrx_word' id='word_1_253' title='bbox 1762 2618 1980 2684; x_wconf 89' lang='lat' dir='ltr'>potissi-</span> 
     </span>
     <span class='ocr_line' id='line_1_30' title="bbox 120 2701 1979 2771; baseline 0 -16"><span class='ocrx_word' id='word_1_254' title='bbox 120 2722 267 2755; x_wconf 91' lang='lat' dir='ltr'>mum</span> <span class='ocrx_word' id='word_1_255' title='bbox 304 2703 370 2755; x_wconf 91' lang='lat' dir='ltr'>de</span> <span class='ocrx_word' id='word_1_256' title='bbox 410 2704 589 2755; x_wconf 85' lang='lat' dir='ltr'>Libris</span> <span class='ocrx_word' id='word_1_257' title='bbox 626 2702 732 2754; x_wconf 90' lang='lat' dir='ltr'>tuis</span> <span class='ocrx_word' id='word_1_258' title='bbox 761 2702 1050 2768; x_wconf 86' lang='lat' dir='ltr'>legendum</span> <span class='ocrx_word' id='word_1_259' title='bbox 1090 2709 1247 2766; x_wconf 88' lang='lat' dir='ltr'>esset,</span> <span class='ocrx_word' id='word_1_260' title='bbox 1276 2720 1383 2770; x_wconf 88' lang='lat' dir='ltr'>quo</span> <span class='ocrx_word' id='word_1_261' title='bbox 1418 2701 1779 2771; x_wconf 82' lang='lat' dir='ltr'>percipiendae</span> <span class='ocrx_word' id='word_1_262' title='bbox 1817 2710 1979 2755; x_wconf 88' lang='lat' dir='ltr'>tantae</span> 
     </span>
     <span class='ocr_line' id='line_1_31' title="bbox 122 2786 1978 2857; baseline 0 -17"><span class='ocrx_word' id='word_1_263' title='bbox 122 2788 302 2855; x_wconf 84' lang='lat' dir='ltr'>gratiae</span> <span class='ocrx_word' id='word_1_264' title='bbox 339 2788 573 2856; x_wconf 87' lang='lat' dir='ltr'>paratior</span> <span class='ocrx_word' id='word_1_265' title='bbox 611 2788 890 2855; x_wconf 90' lang='lat' dir='ltr'>aptiorque</span> <span class='ocrx_word' id='word_1_266' title='bbox 930 2786 1127 2837; x_wconf 89' lang='lat' dir='ltr'>fierem.</span> <span class='ocrx_word' id='word_1_267' title='bbox 1204 2789 1276 2837; x_wconf 88' lang='lat' dir='ltr'>At</span> <span class='ocrx_word' id='word_1_268' title='bbox 1314 2787 1404 2838; x_wconf 91' lang='lat' dir='ltr'>ille</span> <span class='ocrx_word' id='word_1_269' title='bbox 1434 2786 1601 2855; x_wconf 85' lang='lat' dir='ltr'>jussit</span> <span class='ocrx_word' id='word_1_270' title='bbox 1631 2787 1829 2838; x_wconf 88' lang='lat' dir='ltr'>Isaiam</span> <span class='ocrx_word' id='word_1_271' title='bbox 1854 2807 1978 2857; x_wconf 94' lang='lat' dir='ltr'>pro-</span> 
     </span>
     <span class='ocr_line' id='line_1_32' title="bbox 121 2873 1979 2943; baseline 0 -18"><span class='ocrx_word' id='word_1_272' title='bbox 121 2875 372 2943; x_wconf 75' lang='lat' dir='ltr'>phetam,</span> <span class='ocrx_word' id='word_1_273' title='bbox 431 2873 607 2937; x_wconf 87' lang='lat' dir='ltr'>credO,</span> <span class='ocrx_word' id='word_1_274' title='bbox 642 2873 788 2942; x_wconf 88' lang='lat' dir='ltr'>quod</span> <span class='ocrx_word' id='word_1_275' title='bbox 821 2891 931 2942; x_wconf 86' lang='lat' dir='ltr'>prae</span> <span class='ocrx_word' id='word_1_276' title='bbox 967 2873 1174 2925; x_wconf 76' lang='lat' dir='ltr'>caeteris</span> <span class='ocrx_word' id='word_1_277' title='bbox 1211 2874 1529 2940; x_wconf 53' lang='lat' dir='ltr'>Evangelii*</span> <span class='ocrx_word' id='word_1_278' title='bbox 1572 2874 1979 2943; x_wconf 83' lang='lat' dir='ltr'>vocationisque</span> 
     </span>
     <span class='ocr_line' id='line_1_33' title="bbox 123 2958 1978 3027; baseline -0.001 -17"><span class='ocrx_word' id='word_1_279' title='bbox 123 2958 378 3010; x_wconf 90' lang='lat' dir='ltr'>Gentium</span> <span class='ocrx_word' id='word_1_280' title='bbox 404 2960 473 3009; x_wconf 88' lang='lat' dir='ltr'>sit</span> <span class='ocrx_word' id='word_1_281' title='bbox 496 2959 880 3026; x_wconf 61' lang='lat' dir='ltr'>praenuntiator</span> <span class='ocrx_word' id='word_1_282' title='bbox 906 2958 1151 3026; x_wconf 86' lang='lat' dir='ltr'>apertior.</span> <span class='ocrx_word' id='word_1_283' title='bbox 1216 2960 1595 3010; x_wconf 84' lang='lat' dir='ltr'>Verumtamen</span> <span class='ocrx_word' id='word_1_284' title='bbox 1624 2977 1723 3026; x_wconf 86' lang='lat' dir='ltr'>ego</span> <span class='ocrx_word' id='word_1_285' title='bbox 1750 2959 1978 3027; x_wconf 89' lang='lat' dir='ltr'>primam</span> 
     </span>
     <span class='ocr_line' id='line_1_34' title="bbox 120 3042 1978 3113; baseline 0.002 -20"><span class='ocrx_word' id='word_1_286' title='bbox 120 3042 278 3113; x_wconf 86' lang='lat' dir='ltr'>hujus</span> <span class='ocrx_word' id='word_1_287' title='bbox 320 3044 607 3095; x_wconf 90' lang='lat' dir='ltr'>lectionem</span> <span class='ocrx_word' id='word_1_288' title='bbox 647 3061 756 3094; x_wconf 90' lang='lat' dir='ltr'>non</span> <span class='ocrx_word' id='word_1_289' title='bbox 797 3043 1121 3109; x_wconf 84' lang='lat' dir='ltr'>intelligenS,</span> <span class='ocrx_word' id='word_1_290' title='bbox 1162 3050 1439 3112; x_wconf 88' lang='lat' dir='ltr'>totumque</span> <span class='ocrx_word' id='word_1_291' title='bbox 1484 3045 1646 3096; x_wconf 85' lang='lat' dir='ltr'>talem</span> <span class='ocrx_word' id='word_1_292' title='bbox 1698 3045 1978 3108; x_wconf 81' lang='lat' dir='ltr'>arbitranS,</span> 
     </span>
    </p>
   </div>
   <div class='ocr_carea' id='block_1_4' title="bbox 122 3126 1679 3198">
    <p class='ocr_par' dir='ltr' id='par_1_6' title="bbox 122 3126 1679 3198">
     <span class='ocr_line' id='line_1_35' title="bbox 122 3126 1679 3198; baseline 0.001 -20"><span class='ocrx_word' id='word_1_293' title='bbox 122 3126 305 3178; x_wconf 81' lang='lat' dir='ltr'>distuli</span> <span class='ocrx_word' id='word_1_294' title='bbox 329 3128 674 3196; x_wconf 90' lang='lat' dir='ltr'>repetendum</span> <span class='ocrx_word' id='word_1_295' title='bbox 702 3129 1041 3180; x_wconf 85' lang='lat' dir='ltr'>exercitatior</span> <span class='ocrx_word' id='word_1_296' title='bbox 1065 3128 1123 3179; x_wconf 89' lang='lat' dir='ltr'>in</span> <span class='ocrx_word' id='word_1_297' title='bbox 1148 3128 1418 3180; x_wconf 90' lang='lat' dir='ltr'>dominico</span> <span class='ocrx_word' id='word_1_298' title='bbox 1446 3130 1679 3198; x_wconf 87' lang='lat' dir='ltr'>elo&#39;quio.</span> 
     </span>
    </p>
   </div>
   <div class='ocr_carea' id='block_1_5' title="bbox 122 3259 1978 3799">
    <p class='ocr_par' dir='ltr' id='par_1_7' title="bbox 122 3259 1978 3799">
     <span class='ocr_line' id='line_1_36' title="bbox 176 3259 1976 3314; baseline 0.002 -17"><span class='ocrx_word' id='word_1_299' title='bbox 176 3263 197 3285; x_wconf 74' lang='lat'>²¹</span> <span class='ocrx_word' id='word_1_300' title='bbox 224 3259 408 3298; x_wconf 84' lang='lat' dir='ltr'>Dolorem</span> <span class='ocrx_word' id='word_1_301' title='bbox 425 3260 591 3313; x_wconf 86' lang='lat' dir='ltr'>corporis</span> <span class='ocrx_word' id='word_1_302' title='bbox 609 3274 687 3300; x_wconf 90' lang='lat' dir='ltr'>non</span> <span class='ocrx_word' id='word_1_303' title='bbox 704 3261 754 3300; x_wconf 92' lang='lat' dir='ltr'>ob</span> <span class='ocrx_word' id='word_1_304' title='bbox 774 3260 881 3300; x_wconf 86' lang='lat' dir='ltr'>aliud</span> <span class='ocrx_word' id='word_1_305' title='bbox 898 3260 1013 3300; x_wconf 89' lang='lat' dir='ltr'>vehe·</span> <span class='ocrx_word' id='word_1_306' title='bbox 1072 3260 1187 3299; x_wconf 81' lang='lat' dir='ltr'>fuisse</span> <span class='ocrx_word' id='word_1_307' title='bbox 1206 3260 1320 3299; x_wconf 87' lang='lat' dir='ltr'>illum</span> <span class='ocrx_word' id='word_1_308' title='bbox 1342 3261 1531 3304; x_wconf 86' lang='lat' dir='ltr'>dolorem,</span> <span class='ocrx_word' id='word_1_309' title='bbox 1552 3268 1620 3300; x_wconf 89' lang='lat' dir='ltr'>aut</span> <span class='ocrx_word' id='word_1_310' title='bbox 1639 3267 1743 3300; x_wconf 86' lang='lat' dir='ltr'>certe</span> <span class='ocrx_word' id='word_1_311' title='bbox 1763 3274 1832 3314; x_wconf 87' lang='lat' dir='ltr'>pro</span> <span class='ocrx_word' id='word_1_312' title='bbox 1853 3260 1976 3301; x_wconf 89' lang='lat' dir='ltr'>nihilo</span> 
     </span>
     <span class='ocr_line' id='line_1_37' title="bbox 122 3312 1754 3367; baseline 0.001 -15"><span class='ocrx_word' id='word_1_313' title='bbox 122 3319 271 3352; x_wconf 86' lang='lat' dir='ltr'>menter</span> <span class='ocrx_word' id='word_1_314' title='bbox 296 3312 470 3358; x_wconf 81' lang='lat' dir='ltr'>formido,</span> <span class='ocrx_word' id='word_1_315' title='bbox 496 3314 567 3354; x_wconf 86' lang='lat' dir='ltr'>nisi</span> <span class='ocrx_word' id='word_1_316' title='bbox 596 3315 687 3365; x_wconf 87' lang='lat' dir='ltr'>quia</span> <span class='ocrx_word' id='word_1_317' title='bbox 717 3328 778 3354; x_wconf 90' lang='lat' dir='ltr'>me</span> <span class='ocrx_word' id='word_1_318' title='bbox 807 3314 969 3367; x_wconf 82' lang='lat' dir='ltr'>impedit</span> <span class='ocrx_word' id='word_1_319' title='bbox 993 3327 1017 3353; x_wconf 87' lang='lat' dir='ltr'>a</span> <span class='ocrx_word' id='word_1_320' title='bbox 1072 3315 1342 3354; x_wconf 85' lang='lat' dir='ltr'>toleraturum.</span> <span class='ocrx_word' id='word_1_321' title='bbox 1404 3315 1564 3365; x_wconf 87' lang='lat' dir='ltr'>Soliloq.</span> <span class='ocrx_word' id='word_1_322' title='bbox 1582 3315 1609 3354; x_wconf 89' lang='lat' dir='ltr'>i.</span> <span class='ocrx_word' id='word_1_323' title='bbox 1630 3316 1666 3365; x_wconf 51' lang='grc' dir='ltr'>ᾧ.</span> <span class='ocrx_word' id='word_1_324' title='bbox 1686 3317 1754 3354; x_wconf 83' lang='grc'>21.</span> 
     </span>
     <span class='ocr_line' id='line_1_38' title="bbox 122 3366 1978 3422; baseline 0.001 -16"><span class='ocrx_word' id='word_1_325' title='bbox 122 3366 346 3418; x_wconf 73' lang='lat' dir='ltr'>quaerendo.</span> <span class='ocrx_word' id='word_1_326' title='bbox 414 3368 663 3420; x_wconf 85' lang='lat' dir='ltr'>Quamquam</span> <span class='ocrx_word' id='word_1_327' title='bbox 696 3369 799 3408; x_wconf 87' lang='lat' dir='ltr'>enirn</span> <span class='ocrx_word' id='word_1_328' title='bbox 831 3368 1017 3408; x_wconf 87' lang='lat' dir='ltr'>acerrimo</span> <span class='ocrx_word' id='word_1_329' title='bbox 1128 3372 1150 3394; x_wconf 89' lang='lat'>¹</span> <span class='ocrx_word' id='word_1_330' title='bbox 1179 3369 1301 3408; x_wconf 85' lang='lat' dir='ltr'>Isaias</span> <span class='ocrx_word' id='word_1_331' title='bbox 1333 3381 1425 3420; x_wconf 85' lang='lat' dir='ltr'>ergo</span> <span class='ocrx_word' id='word_1_332' title='bbox 1462 3369 1559 3408; x_wconf 87' lang='lat' dir='ltr'>inter</span> <span class='ocrx_word' id='word_1_333' title='bbox 1605 3369 1674 3407; x_wconf 87' lang='lat' dir='ltr'>illa</span> <span class='ocrx_word' id='word_1_334' title='bbox 1721 3382 1810 3421; x_wconf 86' lang='lat' dir='ltr'>quae</span> <span class='ocrx_word' id='word_1_335' title='bbox 1848 3369 1978 3422; x_wconf 86' lang='lat' dir='ltr'>arguit</span> 
     </span>
     <span class='ocr_line' id='line_1_39' title="bbox 125 3419 1975 3476; baseline 0.002 -18"><span class='ocrx_word' id='word_1_336' title='bbox 125 3419 183 3459; x_wconf 85' lang='lat' dir='ltr'>his</span> <span class='ocrx_word' id='word_1_337' title='bbox 201 3420 338 3459; x_wconf 85' lang='lat' dir='ltr'>diebus</span> <span class='ocrx_word' id='word_1_338' title='bbox 355 3419 527 3459; x_wconf 82' lang='lat' dir='ltr'>dentium</span> <span class='ocrx_word' id='word_1_339' title='bbox 554 3422 685 3462; x_wconf 86' lang='lat' dir='ltr'>dolore</span> <span class='ocrx_word' id='word_1_340' title='bbox 709 3430 920 3474; x_wconf 86' lang='lat' dir='ltr'>torquerer,</span> <span class='ocrx_word' id='word_1_341' title='bbox 941 3435 1019 3461; x_wconf 90' lang='lat' dir='ltr'>non</span> <span class='ocrx_word' id='word_1_342' title='bbox 1075 3421 1222 3474; x_wconf 87' lang='lat' dir='ltr'>iniqua,</span> <span class='ocrx_word' id='word_1_343' title='bbox 1263 3430 1301 3461; x_wconf 89' lang='lat' dir='ltr'>et</span> <span class='ocrx_word' id='word_1_344' title='bbox 1333 3422 1439 3474; x_wconf 87' lang='lat' dir='ltr'>justa</span> <span class='ocrx_word' id='word_1_345' title='bbox 1474 3422 1672 3475; x_wconf 61' lang='lat' dir='ltr'>praecepit,</span> <span class='ocrx_word' id='word_1_346' title='bbox 1707 3430 1746 3461; x_wconf 88' lang='lat' dir='ltr'>et</span> <span class='ocrx_word' id='word_1_347' title='bbox 1782 3423 1975 3476; x_wconf 83' lang='lat' dir='ltr'>peccatori</span> 
     </span>
     <span class='ocr_line' id='line_1_40' title="bbox 125 3473 1976 3529; baseline 0.003 -17"><span class='ocrx_word' id='word_1_348' title='bbox 125 3473 279 3526; x_wconf 85' lang='lat' dir='ltr'>quidem</span> <span class='ocrx_word' id='word_1_349' title='bbox 317 3473 470 3512; x_wconf 87' lang='lat' dir='ltr'>sinebar</span> <span class='ocrx_word' id='word_1_350' title='bbox 504 3474 632 3514; x_wconf 88' lang='lat' dir='ltr'>animo</span> <span class='ocrx_word' id='word_1_351' title='bbox 664 3476 833 3521; x_wconf 85' lang='lat' dir='ltr'>volvere,</span> <span class='ocrx_word' id='word_1_352' title='bbox 868 3475 939 3515; x_wconf 87' lang='lat' dir='ltr'>nisi</span> <span class='ocrx_word' id='word_1_353' title='bbox 973 3488 1020 3514; x_wconf 89' lang='lat' dir='ltr'>ea</span> <span class='ocrx_word' id='word_1_354' title='bbox 1076 3475 1222 3528; x_wconf 88' lang='lat' dir='ltr'>populo</span> <span class='ocrx_word' id='word_1_355' title='bbox 1253 3476 1359 3514; x_wconf 85' lang='lat' dir='ltr'>mala</span> <span class='ocrx_word' id='word_1_356' title='bbox 1390 3476 1521 3515; x_wconf 82' lang='lat' dir='ltr'>futura</span> <span class='ocrx_word' id='word_1_357' title='bbox 1555 3476 1747 3529; x_wconf 84' lang='lat' dir='ltr'>praedixit,</span> <span class='ocrx_word' id='word_1_358' title='bbox 1777 3479 1894 3516; x_wconf 84' lang='lat' dir='ltr'>etiam</span> <span class='ocrx_word' id='word_1_359' title='bbox 1926 3478 1976 3517; x_wconf 87' lang='lat' dir='ltr'>de</span> 
     </span>
     <span class='ocr_line' id='line_1_41' title="bbox 124 3527 1978 3584; baseline 0.003 -18"><span class='ocrx_word' id='word_1_360' title='bbox 124 3541 213 3580; x_wconf 88' lang='lat' dir='ltr'>quae</span> <span class='ocrx_word' id='word_1_361' title='bbox 223 3529 306 3580; x_wconf 84' lang='lat' dir='ltr'>jam</span> <span class='ocrx_word' id='word_1_362' title='bbox 318 3527 412 3566; x_wconf 73' lang='lat' dir='ltr'>forte</span> <span class='ocrx_word' id='word_1_363' title='bbox 424 3527 875 3575; x_wconf 82' lang='lat' dir='ltr'>didiceram,adiscendo</span> <span class='ocrx_word' id='word_1_364' title='bbox 887 3536 1020 3568; x_wconf 85' lang='lat' dir='ltr'>autem</span> <span class='ocrx_word' id='word_1_365' title='bbox 1078 3529 1232 3568; x_wconf 81' lang='lat' dir='ltr'>Christo</span> <span class='ocrx_word' id='word_1_366' title='bbox 1260 3536 1299 3568; x_wconf 90' lang='lat' dir='ltr'>et</span> <span class='ocrx_word' id='word_1_367' title='bbox 1326 3529 1517 3576; x_wconf 85' lang='lat' dir='ltr'>Ecclesia,</span> <span class='ocrx_word' id='word_1_368' title='bbox 1536 3530 1612 3569; x_wconf 89' lang='lat' dir='ltr'>hoc</span> <span class='ocrx_word' id='word_1_369' title='bbox 1641 3537 1711 3576; x_wconf 80' lang='lat' dir='ltr'>est,</span> <span class='ocrx_word' id='word_1_370' title='bbox 1731 3531 1780 3570; x_wconf 89' lang='lat' dir='ltr'>de</span> <span class='ocrx_word' id='word_1_371' title='bbox 1813 3532 1920 3584; x_wconf 86' lang='lat' dir='ltr'>Rege</span> <span class='ocrx_word' id='word_1_372' title='bbox 1938 3538 1978 3571; x_wconf 85' lang='lat' dir='ltr'>et</span> 
     </span>
     <span class='ocr_line' id='line_1_42' title="bbox 124 3580 1976 3642; baseline 0.003 -22"><span class='ocrx_word' id='word_1_373' title='bbox 124 3581 276 3642; x_wconf 79' lang='lat' dir='ltr'>penitus</span> <span class='ocrx_word' id='word_1_374' title='bbox 307 3580 559 3633; x_wconf 85' lang='lat' dir='ltr'>impediebar,</span> <span class='ocrx_word' id='word_1_375' title='bbox 590 3582 640 3622; x_wconf 80' lang='lat' dir='ltr'>ad</span> <span class='ocrx_word' id='word_1_376' title='bbox 671 3585 776 3635; x_wconf 90' lang='lat' dir='ltr'>quod</span> <span class='ocrx_word' id='word_1_377' title='bbox 814 3583 908 3622; x_wconf 82' lang='lat' dir='ltr'>mihi</span> <span class='ocrx_word' id='word_1_378' title='bbox 940 3590 1022 3622; x_wconf 84' lang='lat' dir='ltr'>tota</span> <span class='ocrx_word' id='word_1_379' title='bbox 1075 3595 1123 3622; x_wconf 85' lang='lat' dir='ltr'>ea</span> <span class='ocrx_word' id='word_1_380' title='bbox 1148 3595 1267 3635; x_wconf 87' lang='lat' dir='ltr'>quam</span> <span class='ocrx_word' id='word_1_381' title='bbox 1297 3583 1468 3622; x_wconf 84' lang='lat' dir='ltr'>condidit</span> <span class='ocrx_word' id='word_1_382' title='bbox 1498 3583 1680 3631; x_wconf 79' lang='lat' dir='ltr'>Civitate,</span> <span class='ocrx_word' id='word_1_383' title='bbox 1707 3584 1830 3624; x_wconf 89' lang='lat' dir='ltr'>multo</span> <span class='ocrx_word' id='word_1_384' title='bbox 1862 3586 1976 3638; x_wconf 90' lang='lat' dir='ltr'>plura</span> 
     </span>
     <span class='ocr_line' id='line_1_43' title="bbox 124 3634 1975 3693; baseline 0.004 -20"><span class='ocrx_word' id='word_1_385' title='bbox 124 3635 334 3674; x_wconf 76' lang='lat' dir='ltr'>intentione</span> <span class='ocrx_word' id='word_1_386' title='bbox 357 3634 477 3673; x_wconf 88' lang='lat' dir='ltr'>animi</span> <span class='ocrx_word' id='word_1_387' title='bbox 502 3648 601 3688; x_wconf 71' lang='lat' dir='ltr'>opus</span> <span class='ocrx_word' id='word_1_388' title='bbox 625 3644 731 3676; x_wconf 86' lang='lat' dir='ltr'>erat:</span> <span class='ocrx_word' id='word_1_389' title='bbox 763 3644 894 3677; x_wconf 84' lang='lat' dir='ltr'>tamen</span> <span class='ocrx_word' id='word_1_390' title='bbox 922 3636 1021 3676; x_wconf 87' lang='lat' dir='ltr'>mihi</span> <span class='ocrx_word' id='word_1_391' title='bbox 1076 3649 1196 3689; x_wconf 87' lang='lat' dir='ltr'>quam</span> <span class='ocrx_word' id='word_1_392' title='bbox 1212 3636 1331 3676; x_wconf 83' lang='lat' dir='ltr'>ceteri</span> <span class='ocrx_word' id='word_1_393' title='bbox 1347 3637 1611 3690; x_wconf 86' lang='lat' dir='ltr'>prophetavit:</span> <span class='ocrx_word' id='word_1_394' title='bbox 1643 3638 1699 3678; x_wconf 87' lang='lat' dir='ltr'>ita</span> <span class='ocrx_word' id='word_1_395' title='bbox 1721 3646 1759 3678; x_wconf 87' lang='lat' dir='ltr'>ut</span> <span class='ocrx_word' id='word_1_396' title='bbox 1774 3641 1975 3693; x_wconf 80' lang='lat' dir='ltr'>aquibus-</span> 
     </span>
     <span class='ocr_line' id='line_1_44' title="bbox 126 3687 1974 3747; baseline 0.005 -21"><span class='ocrx_word' id='word_1_397' title='bbox 126 3687 342 3736; x_wconf 86' lang='lat' dir='ltr'>videbatur,</span> <span class='ocrx_word' id='word_1_398' title='bbox 361 3688 394 3727; x_wconf 88' lang='lat' dir='ltr'>si</span> <span class='ocrx_word' id='word_1_399' title='bbox 417 3702 457 3728; x_wconf 88' lang='lat' dir='ltr'>se</span> <span class='ocrx_word' id='word_1_400' title='bbox 483 3688 549 3728; x_wconf 86' lang='lat' dir='ltr'>ille</span> <span class='ocrx_word' id='word_1_401' title='bbox 578 3690 772 3730; x_wconf 85' lang='lat' dir='ltr'>mentibus</span> <span class='ocrx_word' id='word_1_402' title='bbox 801 3691 895 3730; x_wconf 85' lang='lat' dir='ltr'>meis</span> <span class='ocrx_word' id='word_1_403' title='bbox 924 3690 1021 3730; x_wconf 89' lang='lat' dir='ltr'>veri·</span> <span class='ocrx_word' id='word_1_404' title='bbox 1076 3691 1166 3729; x_wconf 85' lang='lat' dir='ltr'>dam</span> <span class='ocrx_word' id='word_1_405' title='bbox 1189 3691 1444 3744; x_wconf 86' lang='lat' dir='ltr'>Evangelista</span> <span class='ocrx_word' id='word_1_406' title='bbox 1473 3704 1591 3744; x_wconf 88' lang='lat' dir='ltr'>quarn</span> <span class='ocrx_word' id='word_1_407' title='bbox 1615 3693 1816 3746; x_wconf 85' lang='lat' dir='ltr'>Propheta</span> <span class='ocrx_word' id='word_1_408' title='bbox 1844 3694 1974 3747; x_wconf 86' lang='lat' dir='ltr'>potius</span> 
     </span>
     <span class='ocr_line' id='line_1_45' title="bbox 126 3741 1946 3799; baseline 0.005 -19"><span class='ocrx_word' id='word_1_409' title='bbox 126 3741 212 3782; x_wconf 72' lang='lat' dir='ltr'>tatis</span> <span class='ocrx_word' id='word_1_410' title='bbox 230 3742 357 3796; x_wconf 79' lang='lat' dir='ltr'>fulgor</span> <span class='ocrx_word' id='word_1_411' title='bbox 368 3742 545 3796; x_wconf 82' lang='lat' dir='ltr'>aperiret,</span> <span class='ocrx_word' id='word_1_412' title='bbox 561 3749 630 3783; x_wconf 78' lang='lat' dir='ltr'>aut</span> <span class='ocrx_word' id='word_1_413' title='bbox 647 3756 709 3783; x_wconf 83' lang='lat' dir='ltr'>me</span> <span class='ocrx_word' id='word_1_414' title='bbox 727 3757 805 3784; x_wconf 86' lang='lat' dir='ltr'>non</span> <span class='ocrx_word' id='word_1_415' title='bbox 818 3755 1021 3786; x_wconf 74' lang='lat' dir='ltr'>sensurum</span> <span class='ocrx_word' id='word_1_416' title='bbox 1075 3744 1278 3786; x_wconf 83' lang='lat' dir='ltr'>diceretur.</span> <span class='ocrx_word' id='word_1_417' title='bbox 1336 3745 1442 3799; x_wconf 86' lang='lat' dir='ltr'>Aug.</span> <span class='ocrx_word' id='word_1_418' title='bbox 1462 3747 1510 3787; x_wconf 84' lang='lat' dir='ltr'>de</span> <span class='ocrx_word' id='word_1_419' title='bbox 1531 3746 1619 3788; x_wconf 88' lang='lat' dir='ltr'>Civ.</span> <span class='ocrx_word' id='word_1_420' title='bbox 1638 3747 1732 3796; x_wconf 91' lang='lat' dir='ltr'>Dei,</span> <span class='ocrx_word' id='word_1_421' title='bbox 1754 3747 1859 3789; x_wconf 84' lang='lat' dir='ltr'>xviii.</span> <span class='ocrx_word' id='word_1_422' title='bbox 1877 3750 1946 3789; x_wconf 85' lang='lat'>29.</span> 
     </span>
    </p>
   </div>
  </div>
 </body>
</html>
