2378 4134
534 237 1137 292 CONFESSIONUM
1174 235 1416 288 LIBER
1452 235 1562 287 111.
1905 238 1976 288 39

118 371 287 424 herba
317 369 527 439 segetis.
603 369 679 421 Et
711 376 836 421 sunt
867 366 1115 438 quaedam
1150 365 1348 419 similia
1374 365 1462 417 vel
1488 364 1697 433 flagitio
1726 368 1813 419 vel
1841 367 1974 420 saci·
1989 385 2094 438 pata,
2116 382 2157 417 et

117 457 253 520 nori,
278 462 333 508 et
366 473 477 507 non
514 461 639 506 sunt
674 460 930 522 peccata3
970 452 1100 523 quia
1133 469 1234 504 nec
1271 458 1324 503 te
1360 449 1641 502 offendunt
1674 450 1972 504 Dominum
1989 437 2151 538 ’Βζῖἓα

118 543 296 595 Deum
343 548 600 604 nostum,
642 557 743 592 nec
794 539 990 592 sociale
1042 538 1396 591 consortium:
1451 554 1575 590 cum
1618 537 2147 603 concssjanturdicium,

115 628 299 696 aliqua
339 627 398 678 in
439 643 594 678 usum
637 625 760 677 vitae
804 642 1043 692 congrua
1084 623 1330 692 tempori,
1375 630 1429 675 et
1468 621 1732 674 incertum
1776 631 1858 675 est
1901 593 2168 692 anax-“²¹⁶

114 711 338 764 libidine
376 709 644 774 habendi3
691 717 783 762 aut
820 710 1114 779 puniuntur
1150 707 1452 775 corrigendi
1492 707 1669 760 studio
1707 715 1972 776 potestate

114 796 375 860 ordinata,
402 803 455 848 et
483 796 744 848 incertum
777 803 858 847 est
895 812 964 846 an
995 793 1222 846 libidine
1256 791 1503 845 nocendi.
1580 794 1760 845 Multa
1793 794 1975 863 itaque

114 883 256 935 facta
294 900 414 951 quae
451 880 762 933 hominibus
797 878 1152 949 improbanda
1185 877 1507 943 viderentur,
1535 878 1844 932 testimonio
1882 887 1974 932 tuo

113 970 412 1038 approbata
463 975 615 1031 sunt;
666 977 720 1021 et
766 969 934 1021 multa
984 965 1203 1019 laudata
1252 968 1320 1018 ab
1370 966 1703 1031 hominibUS,
1742 974 1794 1018 te
1838 973 1973 1018 teste

113 1053 460 1106 damnantur:
502 1071 623 1106 cum
661 1071 803 1123 saepe
840 1071 895 1105 se
930 1053 1081 1105 aliter
1113 1052 1278 1104 habet
1311 1051 1520 1121 species
1554 1051 1701 1116 facti,
1732 1059 1785 1103 et
1820 1052 1973 1104 aliter

113 1139 358 1191 facientis
385 1139 610 1203 animUS,
632 1146 791 1208 atque
818 1138 1074 1190 articulus
1102 1134 1322 1190 occulti¹
1348 1137 1619 1205 temporis.
1670 1137 1812 1190 Cum
1847 1155 1972 1189 vero

113 1223 318 1294 aliquid
344 1231 403 1275 tu
426 1231 643 1292 repente
668 1224 980 1276 inusitatum
1007 1230 1061 1274 et
1083 1222 1435 1292 improvisum
1460 1222 1711 1291 imperas,
1740 1223 1900 1275 etiam
1928 1223 1972 1274 si

112 1311 216 1363 hoc
237 1309 526 1380 aliquando
542 1311 773 1375 vetuisti,
791 1310 1034 1380 quamvis
1054 1327 1271 1361 causam
1290 1309 1502 1378 imperii
1523 1309 1599 1360 tui
1616 1327 1715 1378 pro
1733 1318 1972 1378 tempore

112 1397 367 1461 occulteS‚
393 1403 446 1447 et
484 1396 727 1465 quamvis
765 1401 950 1447 contra
983 1401 1204 1463 pactum
1243 1394 1314 1445 sit
1350 1394 1651 1463 aliquorum
1689 1395 1971 1446 hominum

113 1480 409 1543 societatis3
450 1481 571 1549 quis
609 1480 817 1532 dubitet
854 1497 969 1531 esse
1005 1477 1356 1543 faciendum¹‚
1382 1478 1599 1547 quando
1627 1497 1691 1531 ea
1718 1478 1867 1548 justa
1892 1488 1973 1532 est

114 1565 342 1617 societas
367 1565 662 1628 hominum,
680 1583 801 1634 quae
829 1565 990 1616 servit
1013 1563 1143 1616 tibi?
1199 1563 1309 1616 Sed
1325 1565 1470 1615 beati
1492 1564 1586 1634 qui
1607 1572 1658 1616 te
1677 1564 1971 1633 imperasse

109 1650 302 1702 sciunt.
368 1650 528 1703 Fiunt
552 1650 693 1702 enim
719 1650 898 1702 omnia
923 1668 956 1702 a
981 1649 1334 1701 servientibus
1360 1650 1478 1714 tibi,
1502 1651 1583 1701 vel
1610 1648 1680 1701 ad
1706 1651 1969 1702 exhiben-

110 1734 237 1786 dum
264 1734 410 1804 quod
436 1734 504 1786 ad
528 1753 765 1804 praesens
790 1754 927 1804 opus
952 1742 1049 1798 est,
1077 1736 1160 1786 vel
1187 1734 1256 1787 ad
1281 1735 1456 1787 futura
1480 1735 1892 1803 praenimtianda
1906 1736 1930 1786 ¹.

189 1823 270 1871 18.
312 1822 451 1872 Haec
491 1838 590 1888 ego
632 1821 897 1883 nescienS‚
934 1819 1220 1871 irridebam
1263 1821 1386 1872 illos
1432 1829 1646 1873 sanctos
1693 1839 1873 1873 servos
1918 1830 1970 1874 et
2050 1842 2106 1881 X.

112 1906 409 1974 Prophetas
447 1914 583 1959 tuos.
662 1904 734 1960 Et
761 1908 893 1977 quid
929 1909 1154 1975 agebam
1193 1925 1315 1959 cum
1352 1907 1639 1959 irridebam
1677 1918 1826 1971 eos¹'³‚
1862 1909 1968 1960 nisi
1986 1895 2121 1988 {ffiffi

111 1999 171 2043 ut
205 1991 447 2044 irriderer
477 1995 574 2044 abs
606 2000 685 2057 te3
726 1994 923 2045 sensim
960 2000 1120 2062 atque
1152 1993 1413 2061 paulatim
1446 1992 1738 2061 perductus
1776 1994 1844 2045 ad
1878 2012 1969 2046 eas
1984 2004 2113 2043 chaeo-

106 2094 296 2144 nugas,
322 2086 381 2131 ut
416 2078 682 2131 crederem
711 2079 905 2132 ficum⁰
931 2079 1139 2148 plorare
1171 2096 1291 2130 cum
1321 2078 1638 2147 decerpitur,
1666 2087 1718 2131 et
1744 2088 1966 2132 matrem
1984 2060 2138 2153 &rade

1983 2170 2118 2208 fructi-

1983 2224 2066 2263 bus.

164 2253 176 2284 ἱ
212 2258 384 2298 Tantum
419 2273 532 2313 porro
568 2261 863 2314 opportunitati—r
893 2261 1007 2301 affert

106 2312 158 2350 ad
191 2312 338 2365 aliquid
372 2315 566 2367 agendum
598 2329 667 2355 seu
698 2330 776 2356 non
809 2317 1002 2369 agendum

107 2372 324 2420 temporum
345 2376 491 2408 secreta
509 2369 711 2414 distinctio.
733 2378 777 2410 ut
797 2384 901 2410 nunc
922 2383 1000 2410 me·

106 2419 182 2459 lius
201 2420 317 2459 saciat
342 2423 409 2474 qui
439 2436 512 2462 nec
536 2436 654 2462 unam
681 2425 848 2470 duxerit,
869 2424 940 2464 nisi
962 2438 1003 2464 se

106 2474 302 2514 continere
322 2488 401 2514 non
415 2477 542 2529 possit.
587 2478 702 2518 Tunc
724 2486 871 2524 autem,
886 2479 1002 2518 etiam

108 2527 239 2618 plures
257 2528 543 2582 inculpabiliter
559 2532 758 2571 ducebant
773 2540 811 2572 et
826 2532 892 2584 qui
911 2532 1006 2572 faci-

126 2580 186 2620 ius
219 2582 415 2622 continere
448 2592 616 2637 possent,
646 2585 719 2625 nisi
746 2586 853 2626 aliud
882 2586 1004 2639 pietas

110 2634 180 2674 illo
192 2641 363 2689 tempore
381 2638 604 2690 postularet.
648 2640 877 2693 August.de
892 2640 1005 2680 Bono

114 2688 339 2742 Conjugali,
361 2703 397 2731 e.
422 2693 483 2732 15.

162 2741 186 2772 k
213 2756 247 2783 c.
272 2745 402 2785 Faust.
429 2745 459 2784 l.
486 2746 583 2786 xxii.
602 2759 636 2786 c.
660 2748 726 2787 71.
782 2748 889 2796 Quid
916 2761 1007 2801 ergo

101 2794 188 2848 jam
205 2798 254 2837 de
273 2799 496 2850 exspoliatis
526 2801 723 2854 AEgyptiis
745 2803 911 2842 Faustus
939 2804 1007 2842 ob-

102 2849 203 2901 jicit,
251 2853 426 2892 nesciens
470 2853 563 2907 quid
609 2855 824 2907 loquatur'!
889 2858 1007 2904 Quod

106 2902 284 2944 faciendo
306 2907 463 2960 Moyses
482 2922 605 2961 usque
633 2911 730 2950 adeo
758 2924 836 2950 non
864 2925 1005 2965 pecca—

106 2957 173 3017 yit,
193 2966 238 2998 ut
257 2973 334 2999 non
346 2960 524 3002 faciendo
540 2971 731 3016 peccaret.
778 2966 888 3004 Deus
898 2966 1001 3006 enim

103 3020 270 3063 jusserat
299 3014 366 3067 qui
394 3016 527 3069 utique
557 3017 663 3056 novit
684 3032 763 3058 non
788 3018 913 3059 solnm
945 3034 1003 3059 se-

107 3066 278 3105 cundram
312 3068 431 3118 facta,
465 3070 598 3110 verum
635 3073 750 3112 etiam
788 3074 1003 3114 secundnm

110 3130 176 3157 cor
205 3119 385 3168 hominis,
414 3124 507 3176 quid
536 3126 817 3180 unusquisque,
846 3128 906 3167 vel
937 3142 1005 3181 per

109 3184 225 3223 quem
256 3177 401 3229 perpeti
435 3179 807 3222 debeat—Divinis
831 3182 1003 3235 imperiis

107 3226 321 3266 cedendum
360 3231 678 3285 obtemperando,
712 3249 790 3275 non
827 3238 1002 3277 resisten-

108 3278 201 3338 dum
223 3288 280 3319 est
298 3281 688 3336 disputando.-—Nec
707 3288 819 3329 licuit
834 3291 1001 3344 Moysen

111 3331 227 3393 ahter·
238 3335 355 3385 quam
378 3338 488 3378 Deus
503 3340 651 3382 dixerat
669 3342 810 3391 facere,
823 3352 867 3384 ut
885 3359 1002 3398 penes

111 3386 326 3427 Dominum
343 3399 440 3430 esset
457 3394 661 3435 consilium
679 3396 860 3449 jubendi,
882 3412 1000 3452 penes

109 3438 300 3500 samu-lum
339 3451 468 3484 autem
505 3449 733 3502 obsequium
772 3454 994 3505 peragendi.

106 3493 155 3533 de
177 3494 263 3533 Civ.
287 3495 378 3541 Dei,
407 3497 436 3536 l.
461 3499 488 3538 i.
505 3513 540 3539 c·
558 3503 628 3543 26.
677 3503 787 3544 Sicut
812 3507 861 3546 de
887 3507 999 3546 Sam-

106 3559 199 3586 sone
218 3548 326 3588 aliud
347 3551 456 3590 nobis
482 3552 539 3592 sas
564 3568 641 3596 non
666 3565 724 3597 ωε
749 3561 903 3600 credere
923 3561 996 3612 [sc.

109 3613 198 3640 eum
224 3602 405 3644 divinitus
428 3605 581 3658 jussum
608 3618 770 3651 mortem
798 3614 870 3654 sibi
898 3615 1000 3654 intu-

108 3653 234 3714 iisse}
272 3657 376 3717 ssum
413 3666 542 3699 autem
574 3663 684 3704 Deus
715 3666 844 3718 jubet.
882 3682 1001 3722 seque

101 3708 241 3760 jubere
261 3723 342 3752 stne
364 3711 452 3753 ullis
476 3715 707 3770 ambagibus
725 3718 892 3768 intimat,
913 3726 1000 3775 quis

1060 2259 1321 2300 obedientiam
1350 2260 1391 2300 in
1421 2260 1568 2300 crimen
1589 2269 1715 2310 vocet,
1736 2263 1824 2316 quis
1852 2264 1962 2304 obse-

1062 2313 1196 2368 quium
1221 2315 1370 2368 pietatis
1390 2317 1581 2354 accuset‘!

1116 2366 1128 2397 ¹
1160 2369 1254 2408 Vid.
1274 2383 1361 2423 sup.
1390 2370 1439 2408 ad
1466 2371 1501 2420 ξ.
1529 2371 1591 2407 14.
1613 2378 1690 2410 not.
1714 2385 1752 2423 g.

1111 2427 1144 2450 ¹¹¹
1174 2423 1281 2471 Quia
1312 2437 1404 2475 ergo
1432 2424 1492 2462 illi
1525 2425 1802 2465 obscuritatem
1834 2426 1965 2480 Scrip-

1060 2484 1234 2516 tui-arum
1251 2477 1465 2525 irriserunt,
1480 2491 1568 2530 quae
1588 2487 1795 2532 propterea
1815 2480 1964 2519 clausae

1061 2540 1187 2578 erant,
1208 2539 1249 2571 ut
1268 2532 1472 2585 pulsantes
1499 2543 1788 2581 exercerentur,
1812 2547 1890 2573 non
1921 2543 1964 2574 ut

1059 2586 1234 2639 parvulis
1254 2593 1503 2636 negarentur,
1518 2586 1712 2627 humiliati
1728 2595 1822 2627 sunt
1841 2602 1963 2641 usque

1062 2640 1112 2678 ad
1133 2648 1287 2686 terram,
1311 2647 1353 2679 ut
1372 2640 1544 2692 cogitare
1565 2642 1738 2694 amplius
1769 2656 1845 2681 non
1874 2657 1962 2696 pos-

1062 2700 1165 2739 sent,
1186 2707 1304 2746 quam
1326 2695 1430 2746 quod
1454 2708 1523 2747 per
1553 2702 1692 2734 terram
1724 2698 1956 2750 percipitur.

1064 2747 1141 2787 Per
1164 2755 1306 2787 terram
1325 2749 1423 2801 quid
1446 2749 1562 2789 dico!
1593 2751 1670 2789 Per
1689 2763 1867 2791 carnem.
1907 2753 1962 2792 Ut

1065 2801 1346 2853 incorporalem
1369 2805 1501 2843 Deum
1523 2805 1665 2843 sentire
1688 2818 1765 2844 non
1787 2814 1959 2859 possent,

1062 2863 1103 2895 et
1129 2856 1322 2909 quidquid
1351 2857 1401 2897 de
1431 2858 1520 2897 Deo
1549 2859 1780 2910 cogitarent.
1803 2861 1960 2900 nonnisi

1061 2911 1318 2963 corporaliter
1333 2912 1567 2964 cogitarent.
1598 2914 1704 2966 Aug.
1717 2915 1758 2953 in
1781 2916 1852 2956 ΡΞ.
1869 2917 1960 2956 146.

1061 2966 1093 3015 §.
1124 2967 1184 3005 13.

1113 3023 1134 3045 ¹¹
1167 3019 1307 3059 noim-a
1344 3021 1541 3070 νομίζουσιν
1578 3022 1770 3074 ἔμψυχα,
1809 3024 1877 3063 καὶ
1916 3025 1961 3064 τὶ

1061 3075 1147 3127 πῦρ.
1179 3075 1245 3113 καὶ
1275 3075 1317 3113 τό
1353 3074 1443 3130 ὕδωρ
1488 3077 1554 3115 καὶ
1583 3079 1643 3116 τὸν
1670 3079 1775 3132 degat,
1806 3079 1873 3117 καὶ
1905 3080 1957 3117 τὰ

1060 3129 1277 3182 exigua-rx·
1300 3129 1344 3170 οὗ
1359 3128 1400 3173 δὴ
1420 3132 1534 3185 χάριν
1545 3131 1577 3170 οἶ
1597 3133 1815 3182 καλούμενοι
1829 3133 1958 3172 φίλῃσι

1059 3185 1146 3237 παρ’
1166 3184 1306 3228 αὐτοῖς,
1322 3183 1402 3224 οὔτε
1422 3186 1532 3239 ἄρτον
1552 3187 1689 3225 xxiiam
1715 3186 1796 3225 οὔτε
1817 3189 1955 3236 λάχα-

1060 3254 1109 3276 νον
1128 3237 1325 3287 τέμνουσιν,
1348 3241 1460 3278 ἀλλὰ
1479 3241 1546 3278 καὶ
1574 3244 1649 3283 τοῖς
1681 3242 1808 3279 ταῦτα
1837 3240 1959 3295 δρὸσιν

1057 3292 1102 3335 ὣς
1140 3293 1337 3342 μιαιφὸνοις
1367 3295 1556 3347 τροφανός
1596 3295 1816 3348 ἰταρίἱνται·
1868 3296 1957 3334 ἔσθι’-

1057 3362 1130 3385 ουσι
1148 3345 1183 3385 δί
1203 3347 1296 3397 ἕμός
1318 3348 1371 3386 τὰ
1390 3350 1592 3399 τεμνὸμιά
1607 3350 1674 3387 καὶ
1694 3350 1746 3387 τοὶ
1765 3349 1955 3398 κλώμενοι.

1055 3400 1208 3440 Theod.
1248 3401 1357 3440 Haer.
1389 3403 1485 3441 Fab.
1515 3405 1541 3442 i.
1573 3405 1638 3441 26.
1700 3405 1803 3441 Κατ’
1834 3405 1956 3442 αὗτᾶἶν

1058 3454 1124 3496 τὴν
1147 3453 1365 3497 καλλίστην
1395 3456 1539 3511 αἵρεσιν,
1561 3457 1578 3495 ὅ
1600 3457 1671 3500 νοῦς
1702 3458 1793 3496 κατ’
1822 3459 1955 3500 abuti,-

1059 3509 1154 3547 ἔστιν
1175 3510 1227 3547 τὰ
1255 3508 1344 3547 ὄντα
1364 3511 1494 3550 πάντα
1552 3512 1668 3550 Alex,
1707 3513 1802 3561 Lyc.
1823 3513 1855 3558 3<-
1887 3515 1955 3552 24.

1048 3562 1183 3613 Ἐχίον
1200 3561 1235 3601 δῖ
1255 3564 1288 3601 iv
1303 3566 1356 3615 «τῷ
1369 3563 1496 3615 κέσμῳ
1512 3565 1583 3603 νῦν
1602 3564 1660 3604 δύο
1675 3565 1814 3605 τούτων
1826 3568 1956 3621 ἀρχεῖν

1057 3617 1126 3659 τὰς
1146 3617 1378 3661 ὁποι-τάσεις.
1395 3620 1462 3658 καὶ
1475 3619 1540 3661 τὴν
1555 3620 1622 3669 μὶν
1638 3619 1730 3669 μίαν
1747 3622 1871 3675 ἀρχὴν
1887 3638 1952 3662 τε·

1057 3671 1243 3714 τοιηκίναι
1263 3673 1306 3711 τὸ
1330 3673 1452 3722 eiham.
1476 3674 1541 3716 τὴν
1568 3672 1603 3713 δῖ
1625 3676 1763 3726 ψυχὴν
1781 3674 1867 3715 ιῖναι
1886 3679 1952 3720 τῆς

1057 3724 1196 3779 briem.
1237 3726 1351 3769 αὑτὴν
1383 3726 1417 3767 δὲ
1453 3727 1539 3767 εἶναι
1572 3731 1637 3771 τὴν
1661 3730 1799 3782 ’ψυχὴν
1830 3731 1896 3773 τὴν
1921 3732 1954 3770 ἓν
