2378 4134
391 177 496 228 198
867 178 922 232 S.
950 179 1395 234 AUGUSTINI
1436 182 1801 239 EPISCOPI

2300 96 2378 207 ’.ὲ

2355 210 2378 270 ·i

2316 279 2378 312 «ἔ

385 309 488 361 sub
527 326 637 362 eas.
715 310 910 365 Gloria
945 321 1133 367 nostra
1170 319 1232 366 tu
1269 321 1423 380 est03
1461 324 1682 387 propter
1706 323 1759 370 te
1787 336 2046 385 amemur,
2073 325 2130 373 et
2161 338 2275 376 ver·
2315 332 2346 358 ¹
2374 313 2378 383 Ξ

383 395 516 447 bum
541 403 695 450 tuum
721 397 975 452 timeatur
995 399 1057 451 in
1081 399 1260 453 nobis.
1340 401 1450 462 Qui
1482 403 1694 457 laudari
1719 405 1838 457 vult
1864 405 1933 457 ab
1960 405 2277 462 hominibus

382 480 726 553 vituperante
768 492 838 552 te,
882 504 996 539 non
1041 486 1362 540 defendetur
1404 490 1474 541 ab
1518 489 1834 543 hominibus
1875 491 2163 562 judicante
2204 500 2275 559 te,

183 576 369 622 Ps.10‚3.
383 587 487 623 nec
526 570 787 641 eripietur
823 571 1115 626 damnante
1155 580 1223 626 te.
1303 574 1445 627 Cum
1484 583 1666 629 autem
1703 595 1816 630 non
1860 585 2121 644 peccator
2156 579 2276 631 lau·
2321 602 2340 615 ν

384 657 557 710 datur
595 661 655 711 in
694 660 984 713 desideriis
1020 663 1221 713 animce
1260 680 1390 727 succ,
1428 681 1530 716 nec
1570 667 1668 735 qui
1705 666 1903 734 iniqua
1936 667 2085 733 qerit
2123 665 2276 718 bene·

381 744 611 813 dicitur,
662 745 759 798 sed
804 746 1060 799 laudatur
1112 748 1276 800 homo
1329 756 1552 819 propter
1603 750 1830 822 aliquod
1877 751 2081 804 donum
2130 753 2277 822 quod

382 832 582 886 dedisti
622 834 691 899 ei,
736 840 792 886 at
829 833 922 886 ille
959 835 1087 904 plus
1127 835 1331 902 gaudet
1369 836 1475 889 sibi
1513 838 1724 890 laudari
1775 858 1850 906 se,
1891 858 2056 910 quam
2093 840 2274 908 ipsum

380 919 586 972 donum
611 920 814 973 habere
839 920 985 973 unde
1015 921 1286 988 laudatur,
1313 924 1477 976 etiam
1502 923 1606 977 iste
1633 931 1686 978 te
1715 925 2053 995 vituperante
2086 926 2275 980 lauda-

377 1016 495 1062 tur:
545 1016 600 1061 et
631 1008 824 1060 melior
851 1007 970 1079 jam
1004 1011 1099 1063 ille
1134 1011 1229 1081 qui
1262 1011 1527 1079 laudavit,
1555 1031 1720 1084 quam
1754 1013 1858 1066 istc
1894 1015 1990 1085 qui
2022 1014 2276 1067 laudatus

377 1106 473 1150 est.
553 1098 643 1150 Illi
671 1098 817 1150 enim
847 1099 1058 1168 placuit
1087 1100 1145 1151 in
1180 1101 1403 1154 homine
1440 1102 1644 1155 donum
1674 1103 1820 1167 Dei3
1869 1104 2000 1158 huic
2038 1105 2272 1174 amplius

375 1184 588 1254 placuit
614 1184 819 1237 donum
845 1185 1086 1239 hominis
1115 1207 1278 1258 quam
1306 1189 1430 1241 Dei.

175 1278 383 1317 XXXVII
459 1275 548 1324 60.
589 1273 888 1324 Tentamur
935 1273 1024 1326 his
1073 1275 1467 1329 tentationibus
1518 1277 1783 1347 quotidie,
1827 1279 2066 1332 Domine
2087 1299 2102 1345 3
2160 1279 2276 1333 sine

171 1330 332 1424 Ξὲῐῑᾷῗο
376 1359 684 1412 cessatione
711 1366 997 1412 tentamur.
1077 1361 1413 1422 Quotidiana
1432 1366 1657 1434 fornax
1694 1373 1882 1419 nostra
1911 1373 1991 1419 est
2024 1369 2272 1420 humana

170 1440 582 1536 {ffffisskuslinyma
662 1448 907 1517 Imperas
946 1449 1110 1502 nobis
1149 1457 1204 1502 et
1239 1449 1299 1502 in
1336 1452 1444 1505 hoc
1487 1470 1684 1519 genere
1725 1453 2150 1507 continentiam:
2204 1454 2275 1507 da

171 1552 244 1591 nis.
374 1533 522 1605 quod
558 1533 744 1604 jubeS,
790 1541 844 1586 et
878 1533 1016 1606 jube
1061 1537 1212 1607 quod
1252 1538 1351 1590 vis.
1431 1540 1520 1592 Tu
1564 1541 1711 1592 nosti
1754 1540 1821 1593 de
1861 1541 1966 1594 hac
2009 1560 2065 1594 re
2109 1541 2178 1594 ad
2221 1551 2274 1594 te

167 1620 299 1713 {3023}
373 1621 636 1687 gemitum
677 1620 858 1674 cordis
896 1622 1021 1687 mei,
1048 1630 1103 1675 et
1141 1625 1370 1678 flumina
1408 1627 1689 1679 oculorum
1729 1646 1989 1679 meorum.
2073 1630 2272 1698 Neque

228 1704 275 1721 ’”
310 1705 320 1715 ’
371 1708 515 1760 enim
560 1709 718 1761 facilc
773 1710 976 1778 colligo
1030 1730 1194 1781 quam
1238 1713 1341 1765 sim
1387 1715 1456 1766 ab
1501 1713 1608 1767 ista
1648 1722 1804 1784 peste
1849 1715 2178 1779 mundatior,
2221 1723 2275 1768 ct

169 1806 237 1843 I‘s.
261 1807 325 1854 18,
368 1796 598 1848 multum
638 1796 802 1849 timeo
838 1799 1054 1850 occulta
1089 1817 1231 1866 mea,
1260 1819 1382 1871 quae
1421 1807 1624 1853 norunt
1658 1802 1804 1854 oculi
1834 1802 1930 1867 tui,
1956 1803 2065 1854 mei
2093 1809 2273 1854 autem

170 1862 234 1901 13.
369 1901 496 1934 non.
575 1884 682 1935 Est
715 1883 859 1936 enim
890 1886 1307 1957 qualiscumque
1333 1887 1392 1938 in
1420 1888 1541 1940 aliis
1582 1889 1872 1956 generibus
1910 1890 2272 1942 tentationum

370 1971 506 2023 mihi
532 1971 766 2024 facultas
793 1975 1118 2042 explorandi
1144 1995 1262 2039 me,
1303 1977 1359 2028 in
1387 1978 1493 2031 hoc
1521 1997 1663 2048 pene
1689 1979 1841 2031 nulla
1867 1986 1965 2031 est.
2045 1979 2190 2031 Nam
2217 1985 2272 2031 et

371 2077 403 2110 a
442 2059 819 2128 voluptatibus
860 2061 1057 2126 carniS,
1098 2069 1152 2114 et
1190 2082 1222 2115 a
1261 2064 1574 2118 curiositate
1622 2083 2029 2135 supervacanea
2068 2084 2271 2133 cogno-

372 2144 579 2209 scendi,
606 2145 764 2198 video
793 2154 1056 2217 quantum
1083 2156 1365 2202 assecutus
1393 2151 1495 2203 sim
1520 2170 1687 2221 posse
1720 2152 1987 2205 refrenare
2025 2152 2266 2204 animum

369 2252 570 2297 meum,
598 2252 723 2286 cum
749 2234 828 2286 eis
854 2236 1017 2287 rebus
1057 2254 1229 2301 caree,
1257 2238 1342 2289 vel
1378 2239 1676 2305 voluntate,
1702 2240 1788 2291 vel
1823 2258 1948 2292 cum
1982 2238 2219 2292 absunt*
2239 2236 2268 2290 f.

370 2321 529 2373 Tunc
556 2321 702 2372 enim
727 2339 815 2373 me
842 2321 1134 2389 interrege,
1154 2341 1318 2393 quam
1337 2326 1515 2392 magis
1541 2326 1789 2378 minusve
1815 2326 1951 2378 mihi
1978 2328 2268 2379 molestum

370 2408 570 2460 sitnon
591 2408 809 2460 habere.
864 2408 1092 2461 Divitiae
1121 2428 1244 2462 vero
1273 2430 1396 2481 quae
1424 2413 1494 2464 ob
1522 2412 1629 2466 hoc
1657 2419 2007 2482 expetuntur,
2023 2419 2084 2464 ut
2103 2413 2269 2466 alicui

368 2495 530 2546 trium
573 2494 799 2547 istarum
844 2495 1224 2565 cupiditatum,
1261 2499 1346 2551 vel
1392 2497 1607 2552 duabus
1649 2518 1851 2565 earum,
1887 2501 1974 2552 vel
2011 2500 2268 2552 omnibus

369 2582 621 2646 serviant,
651 2582 696 2634 si
723 2583 1117 2652 persentiscere
1144 2603 1255 2636 non
1281 2593 1464 2656 potest
1489 2587 1704 2639 animus
1729 2595 1911 2639 utrum
1938 2606 2030 2640 eas
2056 2587 2267 2640 habens

369 2676 702 2736 contemnat,
728 2677 963 2740 possunt
1001 2679 1055 2724 et
1093 2671 1294 2725 dimitti
1333 2679 1395 2726 ut
1433 2693 1490 2727 se
1528 2676 1739 2744 probet.
1817 2674 2008 2727 Laude
2044 2693 2170 2727 vero
2206 2682 2268 2727 ut

368 2776 666 2821 careamuS,
694 2764 859 2828 atque
896 2758 955 2810 in
994 2777 1059 2811 eo
1100 2760 1447 2830 experiamur
1486 2761 1621 2832 quid
1658 2781 1970 2832 possuanS,
1996 2761 2268 2832 numquid

367 2845 509 2896 male
535 2843 829 2896 vivendum
856 2853 955 2911 est,
983 2853 1037 2899 et
1063 2852 1174 2899 tam
1209 2847 1421 2916 perdite
1461 2856 1626 2919 atque
1664 2849 1991 2914 immaniter,
2018 2855 2079 2900 ut
2102 2867 2265 2901 nemo

367 2949 469 2981 nos
507 2930 720 2983 noverit
759 2931 854 3000 qui
892 2951 1004 2984 non
1051 2933 1386 2986 detestetur?
1455 2936 1592 2994 Quae
1631 2934 1804 3006 major
1842 2934 2118 2987 dementia
2156 2935 2267 2987 dici

368 3023 461 3069 aut
500 3017 728 3084 cogitari
766 3018 989 3087 potest?
1057 3021 1131 3071 At
1169 3020 1216 3071 si
1252 3021 1413 3072 bonae
1453 3021 1578 3074 vitae
1617 3023 1997 3092 bonorumque
2040 3039 2266 3091 operum

368 3123 554 3157 comes
593 3112 647 3156 et
687 3106 825 3158 solet
863 3113 917 3158 et
956 3105 1120 3159 debet
1158 3125 1277 3159 esse
1315 3107 1579 3173 laudatiO,
1618 3116 1727 3160 tam
1769 3109 2087 3161 comitatum
2128 3107 2265 3178 erS,

369 3210 535 3262 quam
572 3191 752 3261 ipsam
790 3194 995 3246 bonam
1033 3194 1203 3246 vitam
1243 3193 1418 3246 deseri
1455 3213 1568 3246 non
1608 3202 1835 3264 oportet.
1914 3197 2045 3247 Non
2084 3202 2266 3248 autem

369 3278 546 3331 sentio
589 3279 706 3331 sine
748 3298 859 3350 quo
901 3298 1020 3333 esse
1060 3286 1155 3332 aut
1194 3299 1352 3350 aequo
1393 3282 1575 3334 animo
1609 3289 1704 3334 aut
1738 3300 1880 3350 aegre
1906 3281 2133 3351 possim,
2158 3280 2264 3333 nisi

368 3382 496 3418 cum
524 3365 774 3419 abfuerit.

420 3502 438 3532 s
470 3507 600 3552 Homo
629 3509 699 3562 qui
733 3510 928 3565 prosperis
963 3511 1080 3551 rebus
1117 3510 1287 3565 proficit,
1343 3524 1422 3564 que
1459 3523 1551 3552 cum
1582 3511 1728 3552 adsunt
1768 3512 1896 3558 nobis,
1926 3517 2117 3565 putamus
2154 3508 2262 3562 quod

365 3563 516 3617 asperis
533 3564 629 3618 quid
653 3566 864 3620 profecerit
882 3566 1012 3606 discit.
1053 3566 1158 3607 Cum
1181 3565 1287 3606 enim
1345 3579 1423 3606 non
1443 3579 1491 3607 ea
1512 3566 1754 3620 diligamus:
1786 3567 1854 3607 sed
1884 3579 1976 3607 cum
2007 3567 2146 3606 abesse
2176 3576 2260 3626 εφ-

364 3618 618 3660 mutabilium
635 3620 828 3661 bonorum
849 3622 962 3663 adest
979 3621 1109 3676 copia,
1131 3635 1210 3662 non
1230 3622 1288 3662 eis
1343 3622 1489 3676 perint,
1511 3622 1738 3663 invenimus
1756 3622 1826 3674 qui
1847 3623 1986 3663 simus.
2046 3623 2135 3661 Hoc
2152 3632 2260 3681 enim

364 3673 550 3713 confidit:
582 3675 649 3716 sed
671 3690 762 3717 cum
781 3677 1084 3723 subtrabuntur,
1107 3678 1288 3729 agnoseit
1343 3677 1430 3718 sine
1478 3690 1611 3718 amore
1658 3685 1790 3719 nostro
1839 3677 1992 3726 aderat,
2031 3675 2138 3728 quod
2175 3687 2261 3714 sine

363 3738 496 3769 utrum
515 3743 607 3773 eum
630 3745 708 3773 non
728 3732 920 3787 ceperint.
981 3733 1090 3783 Quia
1111 3733 1284 3788 plerum-
1343 3732 1478 3775 dolore
1493 3733 1678 3776 discedit.
1713 3734 1820 3788 Aug.
1837 3734 1886 3774 de
1903 3745 1995 3774 vera
2009 3731 2119 3784 relig.
2137 3742 2173 3770 c.
2193 3730 2259 3769 47.
