2378 4134
486 229 1093 285 CONFESSIONUM
1130 229 1370 284 LIBER
1405 228 1570 281 XIII.
1845 234 1952 284 259

67 326 218 420 ‘eum
244 359 361 432 jam
391 360 639 415 obierunt
666 361 827 414 istam
859 366 1084 415 mortem
1120 361 1202 413 illi
1233 359 1504 424 mortaleS,
1530 376 1626 429 per
1657 377 1796 430 quos
1833 378 1952 414 eam

55 462 57 466 ⁴
94 444 415 516 dispensasti
439 446 614 499 nobis
671 447 748 499 Et
771 451 831 498 tu
857 446 983 512 scis,
999 446 1254 512 Domine,
1280 451 1340 498 tu
1366 444 1474 498 scis
1499 445 1953 514 quemadmodum

90 532 325 604 pellibus
365 531 602 584 indueris
645 531 911 596 homineS‚
957 549 1082 584 cum
1131 536 1359 600 peccato
1408 530 1662 582 mortales
1708 529 1900 584 fierent
1911 537 1951 583 ἵ.

94 615 255 670 Unde
289 617 434 668 sieut
462 618 662 684 pellem
704 617 1003 669 extendisti
1025 617 1454 684 firmamentum
1494 615 1647 667 Libri
1688 615 1784 681 tui,
1825 634 1952 669 con·
1969 627 2072 669 Gen.
2094 629 2136 678 3,

93 699 279 758 cordes
301 699 489 768 utique
514 716 786 751 sermones
810 706 951 763 tuos,
979 717 1117 769 quos
1141 716 1239 768 per
1262 698 1571 750 mortalium
1595 698 1953 753 ministerium
1967 684 2036 722 ²¹·

93 784 479 854 superposuisti
514 783 687 837 nobis.
765 786 1017 854 Namque
1046 784 1169 853 ipsa
1201 801 1383 836 eorum
1416 790 1604 847 morte,
1629 784 1953 838 solidamen-

94 874 242 922 tum⁸
283 869 618 922 auctoritatis
655 870 712 921 in
750 869 983 939 eloquiis
1032 869 1140 920 tuis
1187 885 1286 937 per
1323 886 1416 921 eos
1455 867 1616 920 editis
1655 870 1956 923 sublimiter

91 955 406 1008 extenditur
448 973 608 1025 super
650 954 832 1008 omnia
878 973 999 1024 quae
1046 955 1230 1006 subter
1274 960 1434 1017 sunt3
1493 954 1639 1023 quod
1690 973 1812 1007 cum
1862 956 1955 1009 hic

91 1040 342 1103 viverent,
379 1058 490 1091 non
526 1039 603 1092 ita
641 1039 942 1092 sublimiter
984 1045 1263 1091 extentum
1307 1045 1434 1091 erat.
1513 1039 1775 1092 Nondum
1812 1043 1955 1093 sieut

86 1126 280 1194 pellem
338 1128 534 1178 eoelum
596 1126 938 1189 extenderas,
989 1123 1230 1176 nondum
1290 1124 1474 1177 mortis
1524 1142 1707 1176 eorum
1756 1125 1954 1178 famam

91 1227 475 1281 usquequaque
501 1211 861 1264 dilataveras⁰.

167 1301 247 1349 17.
301 1294 602 1362 Videamus,
640 1298 894 1362 Domine,
931 1298 1108 1360 eoel08,
1146 1314 1309 1363 opera
1349 1298 1646 1364 diyz'torum
1693 1304 1908 1350 tuorum
1929 1319 1950 1356 ‚-

93 1381 364 1435 disserena
398 1383 569 1436 oculis
604 1383 801 1435 nostris
835 1382 1080 1434 nubilum
1108 1400 1216 1451 quo
1245 1382 1534 1434 subtexisti
1571 1400 1679 1434 eos.
1758 1383 1847 1434 Ibi
1873 1389 1956 1435 est
1969 1395 2156 1443 Ps.18‚8.

96 1470 464 1521 testimonium
505 1477 670 1533 tuum,
707 1469 1037 1535 sapientiam
1077 1474 1346 1534 praestans
1373 1469 1641 1534 parvulis.
1719 1469 2154 1535 Peffiee,Ps.8.4.

92 1551 242 1605 Deus
291 1571 460 1618 meUS,
498 1554 716 1605 laudem
756 1559 903 1604 tuam
940 1570 1011 1604 ea*
1049 1570 1138 1604 ore
1175 1554 1481 1621 infantium
1520 1559 1574 1604 et
1612 1555 1953 1605 lactentium.

93 1638 287 1707 Neque
324 1638 467 1690 enim
501 1638 749 1689 novimus
785 1637 920 1689 alios
953 1636 1120 1689 libros
1155 1637 1232 1689 ita
1267 1637 1601 1689 destruentes
1628 1638 1954 1707 superbiam,

92 1722 168 1774 ita
209 1723 543 1775 destruentes
584 1725 871 1774 inimicum
910 1729 965 1773 et
1003 1723 1351 1791 defensorem,
1390 1723 1725 1775 resistentem
1768 1741 1954 1775 recon-
1971 1737 2066 1777 Ver.
2083 1737 2124 1776 3.

93 1808 351 1861 ciliationi
383 1815 490 1861 tuae
528 1807 864 1861 defendendo
898 1814 1125 1876 peccata
1160 1808 1299 1860 sua¹'.
1379 1810 1505 1859 Non
1531 1808 1674 1873 novi,
1702 1809 1956 1873 Domine,

91 1912 199 1947 non
231 1896 359 1947 novi
395 1896 500 1948 alia
536 1902 646 1947 tam
685 1901 834 1948 casta
867 1896 1101 1964 eloquia,
1137 1915 1259 1965 quae
1294 1895 1370 1947 sic
1401 1895 1535 1946 mihi
1572 1895 1956 1965 persuaderent

93 1981 500 2045 confessionem,
528 1987 582 2032 et
608 1980 839 2032 lenirent
872 1980 1132 2033 cervicem
1168 1998 1341 2032 meam
1367 1979 1503 2049 jugo
1536 1988 1647 2044 tuo,
1675 1987 1728 2032 et
1759 1981 1952 2032 invita-

91 2072 208 2117 rent
245 2066 416 2117 colere
455 2072 506 2117 te
547 2066 724 2133 gratis.
803 2065 1108 2131 Intelligam
1147 2083 1227 2127 ea,
1266 2065 1426 2117 Pater
1474 2066 1652 2128 boue3
1711 2065 1782 2118 da
1817 2066 1954 2118 mihi

92 2150 208 2203 haec
234 2151 613 2219 subterposit0‚
642 2150 770 2219 quia
795 2149 1171 2218 subterpositis
1198 2149 1441 2201 solidasti
1467 2168 1546 2202 ea.

167 2239 246 2286 18.
298 2237 436 2288 Sunt
474 2236 591 2288 aliae
630 2252 783 2304 aquoe
818 2253 982 2301 super
1019 2235 1123 2287 hoc
1146 2235 1597 2301 firmamentum,
1637 2234 1813 2299 cred0‚
1851 2235 1950 2288 im-

92 2322 356 2385 mortaleS,
383 2328 436 2373 et
472 2340 504 2373 a
535 2329 742 2373 terrena
779 2320 1120 2388 corruptione
1160 2327 1393 2373 secretae.
1469 2320 1719 2373 Laudent
1755 2339 1953 2373 nomen

91 2393 259 2469 tuum,
301 2406 524 2458 laudent
568 2412 617 2457 te
663 2406 1071 2475 supercoelestes
1115 2405 1304 2474 populi
1347 2406 1676 2472 Angelorum
1722 2413 1951 2468 tuorum,

94 2491 188 2559 qui
209 2509 319 2543 non
346 2509 483 2559 opus
509 2491 712 2542 habent
738 2487 1041 2559 suspicere*
1074 2488 1468 2542 firmamentum
1493 2490 1616 2552 hoc,
1645 2498 1697 2541 et
1720 2490 1951 2557 legendo

93 2591 417 2644 cognoscere
442 2578 664 2628 verbum
691 2581 840 2627 tuum
852 2582 883 2625 ⁰.
951 2575 1140 2626 Vident
1168 2574 1309 2626 enim
1318 2576 1531 2643 faeiem
1560 2583 1706 2628 tuam
1725 2594 1949 2643 sempe-r,
1965 2588 2069 2682 pgat.
2086 2590 2151 2634 18,

1049 2746 1183 2772 omnes
1204 2741 1350 2783 gentes.
1402 2734 1502 2772 Cum
1524 2734 1627 2773 enim
1649 2734 1834 2781 viverent,
1852 2748 1950 2775 non·

1051 2787 1143 2826 dum
1177 2794 1262 2826 erat
1299 2794 1460 2827 extenta
1495 2788 1623 2841 pellis,
1658 2790 1832 2828 nondum
1869 2798 1952 2829 erat

147 2737 169 2769 y
200 2732 292 2772 Vid.
312 2745 397 2786 sup.
419 2746 459 2772 n.
482 2748 514 2773 z.
533 2733 629 2773 adl.
652 2733 717 2773 vii.
740 2735 773 2785 ς.
792 2734 858 2772 24.

147 2790 172 2813 2
201 2787 321 2826 Extat
369 2787 472 2826 enim
518 2787 729 2827 authoritas
775 2786 992 2826 dixinarum

97 2840 397 2894 Scripturarum,
418 2841 522 2881 unde
542 2854 652 2881 mens
683 2850 811 2881 nostra
841 2841 994 2881 deviare

95 2906 173 2934 non
199 2895 339 2943 debet;
379 2909 451 2935 nec
479 2895 611 2934 relicto
641 2896 907 2935 Solidamento
935 2894 994 2934 di·

96 2948 174 2988 vini
191 2948 349 3002 eloquii,
371 2963 438 3002 per
457 2950 719 3002 suspicionum
740 2962 898 2989 suarum
923 2949 996 2988 ab·

97 3009 210 3056 rupta
230 3002 476 3056 praecipitari,
497 3003 565 3043 ubi
583 3017 657 3044 nec
673 3017 805 3044 sensus
826 3002 995 3056 corporis

97 3056 203 3109 regit,
223 3070 295 3096 nec
315 3058 518 3111 perspicua
543 3058 640 3097 ratio
664 3057 830 3097 veritatis
847 3057 994 3097 elucet.

95 3108 202 3162 Aug.
221 3111 270 3150 de
296 3111 405 3150 Trin.
434 3111 465 3151 l.
492 3111 547 3151 iii.
570 3125 607 3151 e.
631 3114 693 3151 10.
752 3113 869 3150 Hanc
900 3124 992 3150 auc-

99 3163 289 3203 toritatem
317 3165 440 3219 primo
465 3165 594 3219 posuit
621 3167 733 3206 Deus
752 3165 793 3205 in
813 3165 993 3205 Ecclesia

98 3229 182 3263 sua,
209 3217 299 3256 inde
329 3218 445 3272 caepit
471 3220 631 3272 exsequi
655 3227 822 3267 eaetera3
867 3218 994 3271 posuit

97 3270 199 3310 enim
235 3273 398 3319 coelum,
427 3278 468 3312 et
497 3274 670 3313 extendit
699 3273 800 3313 sicut
836 3273 992 3326 pellem.

99 3323 162 3363 Id.
179 3325 220 3364 in
242 3325 308 3365 Ps.
332 3327 423 3371 103,
446 3327 482 3376 §.
503 3329 542 3366 8.

150 3382 171 3406 ⁸
198 3383 227 3402 “
245 3381 492 3420 Mortuorum
507 3380 626 3426 dicta,
642 3379 736 3432 quia
752 3393 830 3420 non
844 3392 994 3424 eorum,

99 3433 164 3472 sed
183 3445 251 3485 per
270 3447 336 3473 eos
354 3433 458 3473 illius
476 3440 601 3482 erant,
621 3434 690 3487 qui
715 3433 889 3473 extendit
916 3446 996 3472 cae-

98 3483 183 3525 lum
198 3486 299 3526 sieut
317 3486 477 3540 pellem,
498 3495 659 3526 manent
679 3500 802 3540 usque
826 3486 877 3526 ad
906 3499 996 3539 pos-

97 3539 287 3579 teritatem
320 3546 506 3580 nostram.
576 3541 684 3580 Nam
715 3548 800 3595 post
830 3548 992 3580 mortem

97 3592 186 3645 plus
217 3593 467 3633 innotuerunt
497 3593 699 3647 Prophetae
729 3601 768 3634 et
798 3594 994 3648 Apostoli,

100 3657 178 3686 uon
197 3654 307 3686 erant
325 3654 402 3686 tam
426 3646 506 3687 noti
535 3660 626 3686 cum
657 3648 853 3688 viverent:
898 3648 994 3687 Pro·

102 3698 237 3751 phetas
257 3701 363 3741 vivos
381 3702 464 3741 sola
486 3701 509 3741 J
515 3700 630 3742 udaea
655 3701 805 3750 habuit,
824 3707 997 3741 mortuos

1050 2849 1248 2881 extentum
1270 2842 1430 2887 caelum,
1453 2849 1491 2880 ut
1513 2849 1658 2894 tegeret
1675 2844 1807 2882 orbem
1831 2851 1952 2883 terra-

1051 2895 1180 2934 rum.'’
1219 2895 1326 2946 Aug.
1348 2896 1396 2934 ad
1420 2895 1484 2935 Ps.
1514 2898 1654 2948 103.§.
1673 2898 1712 2935 8.
1751 2898 1950 2937 Caeterum

1053 2954 1079 2970 ‘⁸
1102 2949 1269 3002 typum’'
1298 2950 1418 2996 hunc,
1445 2963 1523 3002 quo
1553 2956 1579 2972 ‘⁴
1605 2951 1725 2990 coeli’·
1755 2951 1951 2991 ministros

1052 3002 1131 3042 Dei
1145 3003 1361 3056 designant,
1378 3004 1483 3043 varie
1499 3004 1667 3044 illustrat
1683 3004 1732 3044 ad
1751 3005 1856 3045 hunc
1872 3006 1950 3045 loc.

1048 3064 1088 3096 et
1111 3059 1158 3097 ad
1190 3058 1259 3097 Ps.
1287 3060 1326 3105 8,
1347 3060 1384 3096 4.
1408 3058 1441 3108 §.
1463 3059 1503 3097 7.
1535 3060 1602 3098 Ps.
1629 3060 1691 3103 18,
1720 3061 1751 3098 1.
1788 3061 1853 3100 Ps.
1881 3062 1949 3103 32,

1051 3112 1089 3150 6.
1109 3112 1142 3161 §.
1165 3112 1286 3150 4—7.
1316 3113 1386 3151 Ps.
1411 3112 1502 3156 146.
1525 3113 1563 3151 8.
1584 3115 1618 3163 ς.
1642 3115 1705 3152 15.

1101 3165 1123 3195 b
1157 3165 1351 3219 Imprimis
1368 3165 1630 3205 Manichaeos.
1660 3166 1737 3206 vid.
1754 3165 1949 3218 sup.l.iv.

1049 3220 1082 3270 §.
1099 3220 1167 3258 26.
1188 3226 1227 3257 et
1247 3226 1343 3258 nott.
1361 3219 1387 3257 f.
1406 3233 1445 3271 g.
1464 3219 1505 3257 h.

1103 3277 1122 3299 ‘²
1155 3274 1366 3325 Propterea
1401 3273 1503 3311 enim
1551 3272 1691 3323 legitur
1738 3272 1815 3320 lex,
1855 3272 1948 3324 quia

1049 3326 1225 3365 nondum
1259 3326 1437 3365 venimus
1473 3326 1523 3365 ad
1554 3326 1663 3364 illam
1702 3326 1948 3379 sapientiam,

1051 3392 1140 3433 quae
1160 3379 1299 3432 implet
1316 3380 1432 3418 corda
1452 3386 1491 3419 et
1509 3387 1660 3418 mentes
1686 3379 1918 3419 intuentium
1936 3396 1947 3429 ;

1051 3440 1091 3472 et
1109 3446 1186 3472 non
1205 3446 1303 3485 opus
1321 3433 1394 3472 erit
1413 3440 1456 3472 ut
1479 3434 1626 3486 aliquid
1642 3433 1697 3472 ibi
1711 3434 1823 3473 nobis
1842 3433 1949 3487 lega-

1052 3495 1130 3527 tur.
1187 3486 1292 3534 Quia
1310 3486 1350 3525 in
1370 3499 1416 3526 eo
1436 3487 1541 3540 quod
1562 3487 1674 3527 nobis
1691 3487 1847 3539 legitur,
1867 3488 1947 3541 syl-

1048 3540 1151 3580 labae
1178 3546 1318 3580 sonant
1342 3546 1382 3580 et
1408 3547 1642 3587 transeunt;
1671 3541 1742 3581 illa
1761 3542 1831 3582 lux
1850 3542 1949 3596 γετί-

1050 3594 1140 3633 tatis
1174 3606 1253 3633 non
1285 3594 1468 3648 praeterit,
1503 3596 1570 3634 sed
1604 3595 1683 3635 fixa
1716 3591 1950 3649 permanens

1050 3646 1222 3751 35¹³?ss
1252 3648 1370 3689 corda
1403 3648 1635 3689 videntium.
1671 3649 1778 3702 Aug.
1810 3649 1848 3689 in
1883 3651 1947 3691 ΡΒ.

981 3774 1065 3819 se
